1650 2790
275 38 319 65 eir,
336 23 361 65 ll.
379 38 434 66 vers.
452 26 491 73 20,
508 25 542 65 tt
729 24 766 66 191

52 158 104 201 tore,
125 156 148 189 nt
169 146 270 189 hicnnus
286 162 335 189 eura
349 162 420 188 eorum
433 148 511 204 agenda
527 155 650 204 occupetur,
668 146 724 188 nullo
740 148 770 188 soi

54 227 129 270 ratione
142 222 217 265 habita.
248 223 352 265 Nimirum
366 222 459 268 Verbum
471 222 583 282 μεριμνιὶω,
599 239 647 267 oum
666 221 720 279 apud
736 222 772 263 In-

54 307 162 358 terpretem
175 299 242 343 Alex.
259 307 302 341 tum
317 299 339 341 in
356 299 412 342 Novo
426 302 553 344 Testamento
565 299 617 342 nihil
633 298 721 355 amplius
733 297 771 340 nisi

53 376 235 430 solticitudinem,
253 390 342 427 euram,
359 375 499 435 dz‘lzgrentz'om
512 378 536 417 z'o
552 390 577 418 re
595 376 723 417 collocatam
742 375 771 416 si-

54 452 147 511 gnifieat,
164 452 225 493 etiam
237 451 274 493 nhi
289 452 381 508 sequitur
397 451 541 501 aecusativus,
557 452 589 492 uti
609 450 683 493 Exod.
698 452 728 496 V:
750 436 770 493 9.

55 528 107 586 Sap.
126 526 175 571 Sal.
191 527 244 569 XII:
261 530 295 570 22.
311 527 394 569 Metto.
406 527 446 570 VI:
462 529 497 568 34.
514 528 525 567 1
544 525 594 569 Gor.
608 526 659 576 VH,
674 528 714 576 32,
731 529 770 577 33,

54 606 89 647 34.
102 603 151 645 XII:
164 605 199 646 25.
214 602 275 645 Prot.
290 603 329 647 IV:
344 605 365 644 6.
395 600 522 643 Adverhium
534 600 631 656 γνησίως,
645 600 772 657 quodsemel
813 618 815 620 ’

55 687 134 722 tantum
152 679 175 721 in
191 680 248 721 Novo
266 679 395 719 Testamento
408 676 485 734 legitur
501 683 520 717 et
532 675 626 718 convenit
641 691 690 718 enm
701 677 772 719 Latino

51 758 146 813 genusne
158 755 191 796 ve]
201 767 318 812 germane,
334 751 390 793 omni
404 752 520 808 oppositum
533 759 563 793 est
577 752 716 803 adulterino,
723 754 773 811 fol-

55 845 78 871 so
99 830 131 871 vel
149 829 251 870 simulato
272 826 311 886 (1)
341 828 387 872 Vox
403 835 472 870 autem
486 823 550 879 ὅστις,
569 842 618 870 enm
629 828 725 870 inserviat
738 827 773 872 hic

55 912 110 948 certe
128 904 237 962 adgentes·
250 902 391 945 denotandum
405 900 448 961 (2),
464 917 507 945 non
523 903 578 946 favet
593 903 706 947 sententiae
721 905 776 946 nsrn'

56 987 189 1029 etcinerem,
207 993 252 1020 eam
265 977 394 1020 referendam
410 992 452 1020 esse
466 978 492 1020 ad
506 978 597 1019 Protasin
608 992 676 1021 versus
690 993 773 1034 praeee-

55 1056 131 1105 ‹lentis‚
148 1063 167 1096 et
182 1054 267 1111 quidem
283 1052 308 1096 aii
324 1050 432 1107 Τιμόθεον,
460 1054 504 1096 Nec
517 1053 547 1095 ihi
562 1069 610 1095 sane
624 1055 664 1095 fert
675 1055 774 1110 Apodosis

52 1136 86 1176 ‘tvo
100 1157 127 1163 —
139 1130 208 1184 ὑμῶν,
221 1137 244 1171 ut
259 1129 310 1185 qtrid
322 1129 345 1171 in
358 1128 478 1171 Parenthesi
492 1137 586 1184 ponatur.
610 1129 651 1172 Sed
665 1130 716 1187 quid
726 1131 774 1187 pln-

57 1206 92 1248 ra?
122 1205 177 1247 Nihil
190 1220 232 1247 esse
245 1204 337 1257 confido,
354 1219 395 1261 quo
410 1205 546 1262 refellipossit
559 1205 615 1262 quod
626 1205 667 1247 hoc
678 1205 704 1248 de
714 1221 774 1248 versu

56 1281 207 1336 disputavimus.
238 1280 312 1322 Contra
325 1294 373 1321 vero
387 1279 439 1321 illud
456 1280 548 1322 oratione
561 1288 655 1323 contenta
667 1282 775 1338 insigniter

56 1355 218 1398 commendator.
237 1357 322 1397 Praebet
335 1355 390 1397 enim
397 1355 539 1411 interpretatio
550 1357 653 1412 proposita
661 1356 776 1400 conclusio-

57 1446 104 1472 nem
120 1431 184 1473 versui
198 1430 329 1487 praecedenti
340 1429 579 1473 accommodatissimam:
594 1431 775 1491 Ergoperlnmo

56 1522 121 1548 rtatim
141 1507 167 1548 de
187 1507 246 1548 votis
264 1508 346 1548 certior
362 1505 434 1560 fiam,
461 1511 485 1546 ot
506 1506 575 1547 laeter
596 1509 678 1551 anemo.
708 1507 776 1560 Quam

58 1582 140 1638 egregie
156 1590 225 1624 autem
239 1597 261 1624 ea
277 1581 302 1637 ad
313 1595 395 1623 versum
408 1588 528 1636 sequentem
541 1580 613 1632 ducat,
630 1582 735 1644 ostendere
744 1581 775 1623 ni·
802 1628 803 1631 Ἴ

58 1658 87 1699 hil
103 1659 181 1700 attinet.

362 1778 418 1805 vens.
435 1766 469 1805 21.

88 1884 127 1926 Hic
141 1882 225 1940 quidem
237 1896 319 1933 versus,
332 1882 446 1924 seeundum
460 1895 622 1932 emesmommr,
636 1882 665 1924 sic
678 1881 777 1936 sehabet,

60 1959 86 2001 Oi
104 1957 177 2008 πάντες
194 1957 232 2013 γάρ
251 1957 278 2000 τά
298 1957 375 2001 ἑαυτῶν
395 1958 501 2012 ζητοῦσιν,
519 1956 545 1999 oo'
561 1957 588 1999 eci
602 1956 668 2014 Ἰησοῦ
680 1962 778 2014 Χριστοῦ.

12 2023 14 2028 ’
61 2036 128 2091 Atque
141 2034 170 2076 ita
183 2047 258 2075 aiones
272 2047 331 2082 sane,
347 2032 363 2073 si
376 2031 477 2072 librorum
488 2032 589 2075 Veterum
601 2033 716 2074 testimonio
729 2033 779 2076 fides

62 2115 102 2159 est,
122 2107 223 2163 scripsisse
241 2106 327 2148 videtur.
357 2105 412 2148 Nihil
431 2114 500 2148 antem
519 2106 558 2150 hae
571 2108 594 2150 in
610 2108 710 2151 sententia
727 2109 779 2152 diffi-

63 2183 160 2225 cultatem
173 2183 237 2239 parit‚
253 2189 334 2238 praeter
347 2181 473 2238 principium
488 2182 506 2224 οἱ
519 2180 603 2235 πάντες,
617 2183 673 2240 quod
686 2199 780 2226 ennens-

64 2273 126 2309 nnm,
142 2273 251 2309 enomere,
264 2273 379 2301 memnon
392 2257 483 2313 aliosque
501 2256 565 2300 claros
583 2258 708 2314 Interpretes
721 2273 779 2301 sum-

62 2333 109 2374 sisse
122 2348 159 2388 pro
175 2335 308 2386 οἱπλεῖστοι,
324 2332 407 2376 omnino
423 2331 540 2375 mirandum
557 2340 599 2384 est,
615 2334 714 2390 quoniam
727 2334 780 2376 illud

63 2444 215 2452 ,ψ’-Ἢ

86 2513 110 2560 (1)
129 2515 158 2547 eff.
176 2517 188 2546 ἓ
206 2517 261 2549 Maec.
277 2516 323 2549 XIV:
339 2517 360 2558 8,
377 2526 425 2558 quem
441 2515 492 2547 locum
504 2515 535 2546 iam
547 2513 602 2546 attulit
614 2523 686 2557 (trionem
700 2522 717 2548 et
731 2518 780 2551 Thes,

66 2578 124 2609 Graec.
136 2576 161 2609 ed.
173 2586 244 2609 ommni.
258 2578 277 2610 ad
288 2579 304 2610 tr.
317 2589 332 2611 v.

88 2638 113 2684 (2)
124 2638 154 2670 Gff.
167 2637 245 2682 disputata
256 2650 302 2682 snpm
314 2651 331 2682 p.
344 2641 363 2682 9,
377 2640 414 2671 tir.
