1650 2790
61 83 101 123 162
308 92 351 118 eir.
367 75 392 117 ll.
409 88 464 117 vuns.
480 77 512 117 10.

59 202 153 245 meminit
167 213 226 248 sune,
242 199 373 255 scriptoribus
388 199 487 256 antiquis,
504 212 552 240 oum
570 198 654 248 exteris,
669 195 713 239 tuni
725 211 772 240 nra-

58 280 113 320 xime
133 274 210 326 Sacris,
233 274 287 317 bano
307 274 491 331 breviloquentiam
513 272 661 315 usitatissimam
679 288 731 324 esse,
748 281 772 314 ut

59 354 151 399 Verbum
165 350 261 394 omittant
270 351 457 407 emeeposifione,
474 365 527 406 quae
532 351 611 392 Nomen
618 351 727 406 praeeedit,
738 364 772 391 ex-

58 427 185 484 plicandum.
200 427 265 469 Huius
279 426 390 469 omissionis
402 425 444 467 iem
455 441 516 481 supra
525 425 564 468 hae
578 425 600 468 in
612 425 702 482 Epistola
711 439 773 467 rium
798 462 800 465 ,

59 503 119 546 nobis
139 509 273 545 occurrerunt
287 501 385 557 exempla.
416 500 455 542 Sed
470 501 511 543 looi
525 500 560 543 bio
574 501 674 557 imprimis
689 500 773 542 notandi

59 587 118 629 sunt,
134 578 171 620 ubi
188 579 233 619 voci
252 573 470 631 dvopo,ad1nentem
483 576 572 618 auctoris
583 578 637 618 bene
654 575 774 632 intelligen-

59 654 120 704 dam,
135 653 228 697 Verbum
244 653 304 695 adiiei
318 651 385 694 debet.
416 652 473 694 Tales
487 658 534 693 sunt
547 650 625 692 llario.
641 651 720 694 Xttffl:
737 653 773 694 20.

59 729 159 774 XXVIII:
175 730 209 771 19.
231 728 281 771 Act.
300 727 359 772 VIII:
379 729 413 770 16,
435 727 493 769 XlX:
508 730 529 769 5.
547 728 557 767 1
575 726 658 770 Corui:
676 727 714 776 13,
732 728 773 776 15,

60 805 83 847 in
95 805 169 860 quibus
183 804 277 845 omnibus
288 790 377 845 breviter
388 803 487 858 seriptum
500 809 529 844 est
542 804 568 852 εἰς
581 802 605 846 τό
618 799 682 857 ὄνομα
695 817 732 858 pro
743 802 775 843 orl

59 894 135 922 nomen
149 878 260 921 colendum
273 879 306 920 rel
315 877 471 936 prrfitendnm.
493 877 591 919 Similiter
603 878 664 920 etiam
677 878 774 933 supplen-

61 955 88 997 da
99 963 147 997 sunt
154 968 208 1011 quae
220 961 299 996 exstant
307 952 389 996 blatto.
399 953 428 995 X:
445 955 479 1005 41,
494 956 533 1004 42,
549 954 575 1004 εἷς
587 950 652 1008 ὄνομα
664 953 775 1011 προφήτου,

60 1030 136 1073 δικαίου
140 1062 147 1081 ,
160 1032 259 1084 μαθητοῦ
262 1061 270 1080 ,
281 1036 307 1073 ,οἳ
322 1035 458 1083 exponantur:
475 1028 507 1070 ad
520 1043 579 1081 οοοο,
596 1031 637 1086 qni
655 1031 713 1071 votis
730 1028 775 1071 Di-

58 1106 117 1155 oz'ni,
139 1106 187 1145 viri
203 1104 278 1161 prodi,
301 1102 408 1161 dz'soz'polz'
430 1105 473 1144 mei
487 1118 561 1145 nomen
574 1106 648 1161 gerit,
665 1104 775 1146 colendum

59 1180 93 1221 vel
106 1179 261 1221 honorandum.
291 1179 334 1220 Neo
348 1178 417 1222 Verbo
430 1193 500 1240 carere
514 1192 621 1233 possumus
635 1178 661 1220 ad
673 1179 776 1235 explican-

61 1255 108 1297 dam
128 1254 250 1296 sententiam
269 1268 313 1295 msn
328 1252 404 1295 Maro.
420 1253 459 1294 IX:
476 1254 511 1304 41,
527 1252 564 1294 ubi
578 1253 676 1310 legimus:
701 1250 736 1303 Ὃς
750 1251 776 1295 ἂν

59 1330 132 1388 ποτίσῃ
152 1329 206 1383 vinde
223 1326 317 1384 ποτήριον
329 1322 415 1380 nideror,
430 1330 452 1370 ἐν
465 1326 547 1381 ὀνόματι
561 1327 598 1385 (sio
611 1329 667 1370 eninr
682 1328 776 1370 seriben-

60 1405 111 1446 dum
134 1418 182 1446 curn
204 1418 343 1446 onmssieuro
365 1400 469 1461 aliisque),
492 1398 522 1445 ὅτι
539 1406 631 1460 Χριστοῦ
644 1405 693 1446 ἕστε.
721 1404 777 1444 llens

59 1479 123 1535 igitur
139 1478 181 1520 eius
196 1478 225 1520 ita
236 1478 341 1520 reddenda
353 1486 393 1520 est:
414 1477 457 1534 Qui
466 1481 521 1519 enim
529 1478 587 1519 vobis
593 1480 696 1537 poculum
706 1493 777 1536 oquae

61 1553 173 1595 bibendum
188 1552 286 1607 dederit,
302 1552 360 1610 priori
374 1558 504 1594 sectatorom
520 1567 603 1595 cniusui
618 1569 693 1595 nomen.
705 1554 790 1612 pr·ost—'

62 1631 145 1672 temerii
175 1628 245 1683 Atque
260 1628 351 1669 eiusdem
366 1628 448 1670 numeri
462 1635 509 1669 sunt
522 1628 573 1678 loei,
587 1629 623 1685 qui
635 1629 718 1685 plenam
726 1645 779 1672 oon-

62 1706 129 1746 tinent
144 1703 253 1745 formulam
269 1705 290 1746 ἒν
303 1706 333 1761 τῷ
346 1700 431 1757 ὀνόματί
441 1720 503 1755 τινος,
524 1703 554 1744 uti
572 1702 648 1748 Maro.
666 1705 726 1749 XVI:
744 1707 779 1748 17.

63 1780 116 1823 Luc.
137 1779 168 1820 X:
189 1780 222 1820 17.
245 1778 271 1820 ef.
287 1776 336 1820 Act.
354 1777 414 1819 XlX:
431 1779 464 1820 13.
495 1777 534 1819 Sed
554 1778 621 1822 broiis
638 1794 680 1821 esse
695 1795 778 1836 possum

63 1854 179 1904 monendo,
199 1854 319 1910 ubieunque
337 1853 441 1904 Verbum,
463 1852 516 1896 hano
530 1855 640 1897 formulam
655 1856 779 1911 praecedens

64 1932 97 1972 rel
117 1944 215 1985 sequens7
237 1944 281 1970 rem
295 1937 406 1984 proponat,
422 1931 513 1985 quaein
525 1930 780 1972 ποποποποποποποῖ

64 2020 107 2046 non
130 2004 202 2059 possit,
226 2003 398 2059 Praepositionem
418 2006 440 2047 ἐν
459 2004 617 2047 convertendam
632 2020 675 2048 esse
689 2006 712 2048 in
726 2005 782 2048 aliud

65 2080 168 2129 Verbum,
185 2078 242 2135 quod
256 2078 302 2120 vooi
315 2076 398 2133 ὀνόματι
411 2079 524 2121 conveniat.

95 2155 140 2195 lam
152 2168 212 2202 vero,
227 2153 244 2194 si
257 2153 311 2207 bene
323 2152 446 2194 attendimus
458 2153 484 2194 ad
494 2168 529 2203 ea,
545 2167 598 2208 quae
613 2153 647 2195 hio
659 2161 781 2209 sequuntur,

65 2231 107 2273 πᾶν
120 2225 168 2285 γόνυ
182 2225 267 2287 κάμψῃ,
280 2234 305 2269 ot
317 2242 377 2269 omne
387 2242 445 2285 germ
460 2242 483 2287 so
489 2226 603 2284 flecteret,
619 2228 688 2284 paucis
701 2235 781 2271 tantum

66 2320 117 2362 opus
140 2302 178 2346 erit
199 2302 226 2345 ad
245 2304 302 2346 litem
323 2302 465 2346 dirimendam.
495 2303 547 2345 Nam
565 2318 640 2360 genno
651 2302 745 2362 flectere
758 2308 782 2346 z'o

66 2381 157 2440 templo,
178 2380 203 2419 in
223 2379 268 2421 solo
284 2387 304 2421 et
318 2379 390 2422 similia
407 2386 463 2421 reete
478 2377 585 2420 dicuntur:
606 2386 635 2430 at,
654 2380 705 2437 quid
720 2380 745 2421 sit
759 2382 782 2420 dr

65 2457 151 2498 nomine
170 2454 266 2496 alienius
283 2453 324 2495 hoo
340 2454 418 2504 faeere,
441 2467 467 2495 ne
482 2453 521 2510 ipsi
535 2452 619 2509 quidem
632 2453 663 2496 illi
679 2455 782 2511 explicare

65 2537 173 2587 poterunt,
190 2530 226 2586 qui
240 2545 262 2572 se
274 2529 385 2571 formulam
399 2523 515 2586 intelligere
529 2535 613 2584 putant,
629 2530 783 2586 quodapuoris

66 2606 115 2648 inde
134 2606 246 2648 orationem
267 2619 328 2648 ninii
343 2605 462 2648 memoriter
476 2604 562 2647 recitare
575 2605 654 2656 solem,
668 2620 750 2647 sensum
764 2605 782 2646 ei

65 2682 190 2730 rritnootosg
206 2688 267 2736 prout
283 2680 343 2723 fando
358 2681 483 2724 ambierunt.
513 2681 556 2723 Noc
568 2682 636 2725 Verbo
646 2678 740 2735 κάμπτω,
755 2680 780 2721 ul
