1650 2790
291 48 335 76 ean
352 34 377 77 II.
396 49 451 77 vens.
468 37 501 77 30,
714 36 755 77 207

45 160 75 201 nis
88 155 184 206 mutatio,
200 157 275 213 quippo
292 154 404 197 orationem
415 155 445 198 sie
457 157 592 206 constituens,
609 162 632 198 ut
648 153 710 197 rerba
722 155 757 197 illa

45 230 179 289 respondeant
192 230 360 287 praecedentibus
374 230 445 275 (1111111
458 231 563 289 ἔργοντοῦ
575 234 672 290 Χριστοῦ.
699 230 758 273 Unde

47 306 149 364 sequitur,
170 320 253 349 1111111111
273 305 308 348 hle
325 314 423 361 spectasse
439 321 521 363 operam
535 307 566 348 rei
580 307 704 351 Christianae
719 320 759 348 na-

47 390 122 433 vatam,
140 396 180 438 qua
194 381 232 423 sibi
247 396 401 425 enaranomrus
415 381 498 425 Romae
513 380 593 424 adiutor
608 383 684 425 fuisset.
715 382 759 424 Hae

48 465 116 501 autem
136 472 196 514 opera
208 458 324 514 suppletum
339 473 380 500 esse
398 457 467 500 dicens
480 456 537 513 quod
550 456 706 515 Philippenses
722 457 760 499 sibi

48 540 150 591 praestare
165 548 207 575 non
218 543 310 590 possent,
325 533 456 576 hauddubie
471 532 493 574 id
510 531 564 589 egit,
584 539 608 573 ut
620 530 677 573 huno
692 532 759 575 rirunr

48 607 88 649 illis
101 622 148 651 cum
162 607 249 651 maxime
262 607 422 651 commendaret.
434 606 502 664 Atque
516 608 544 649 ita
558 605 629 650 hocin
642 621 701 649 rersu
710 608 761 650 nihil

49 683 135 739 amplius
157 692 196 735 est,
215 684 270 739 quod
287 684 371 725 facessat
386 682 499 739 negotium.
528 683 581 724 Nam
595 682 651 739 quod
664 698 762 725 annueres

49 759 125 815 aliique
146 760 214 801 Patres
233 758 353 809 voluerunt,
368 772 531 800 nrannnonrrnar
545 757 585 801 dici
599 755 764 816 παραβουλευσοέ-
782 767 784 769 ’

50 850 108 888 μενον
121 837 148 893 τῇ
160 836 232 893 ψυχῇ,
246 832 343 890 quoniam
357 832 383 875 ad
395 848 479 875 rsuuurr
492 833 594 890 captivum
605 833 731 889 penetrando
744 848 765 874 se

52 907 163 949 discrimini
177 906 248 963 capitis
262 908 378 960 obiecisset,
396 907 452 951 haud
464 909 505 951 seio
522 923 579 960 sane,
593 908 649 951 unde
665 908 696 950 illi
712 908 766 951 hnu-

52 983 114 1024 serint
133 981 172 1041 (1).
202 983 268 1026 Immo
286 983 337 1041 quid
353 985 397 1026 rito
411 983 442 1025 illi
461 983 496 1027 hle
511 983 568 1026 laudi
587 985 699 1036 tribuatur,
717 998 767 1040 per-

52 1058 122 1113 spicue
141 1066 225 1115 apparet
244 1074 268 1101 er
285 1073 314 1102 rs.
328 1061 368 1102 27:
391 1073 450 1110 eum‚
464 1073 550 1115 nempe,
563 1059 585 1101 in
598 1074 667 1102 nauso
680 1073 768 1102 ermrsrr

53 1148 114 1176 eausa
132 1133 245 1176 adiuvando
264 1135 407 1177 immemorem
426 1133 458 1175 sui
474 1134 535 1176 fuisse
553 1149 632 1191 suoque
644 1133 717 1176 ardore
730 1134 768 1175 sibi

53 1209 150 1251 morbum
168 1209 306 1265 periculosum
327 1209 456 1252 contraxisse.
486 1210 513 1252 At
526 1209 560 1250 rel
572 1210 601 1252 sic
613 1209 698 1266 quidem
712 1210 770 1265 Apo-

55 1285 117 1326 stolus
131 1276 184 1326 ritae
197 1284 344 1342 negligentiam
356 1282 436 1334 laudat,
450 1283 506 1327 baud
514 1284 576 1340 plane
588 1284 707 1327 dissimilem
719 1284 769 1336 eius

55 1373 119 1415 quam
132 1374 188 1402 rnsus
200 1350 282 1403 Morta.
293 1360 323 1401 X:
338 1362 365 1402 39
379 1373 507 1416 summopere
516 1359 604 1411 extollit,
618 1360 684 1402 aiens:
700 1359 772 1403 ὁᾶπο-

57 1434 116 1486 λε’σας
135 1435 172 1493 τήν
185 1435 256 1494 ψυχήν
273 1436 337 1479 αὑτοῦ
350 1435 412 1479 ἕνεκεν
425 1437 482 1490 ἐμοῦ.
501 1434 530 1477 Cf.
546 1449 590 1491 cap.
606 1434 664 1479 XVI:
681 1436 716 1477 25.
747 1436 772 1475 Et

58 1524 101 1566 quo
118 1511 193 1554 elarius
211 1511 318 1569 singularis
334 1523 475 1553 noarurronrrr
491 1510 647 1567 magnanimitas
660 1509 683 1551 in
703 1510 773 1552 oculos

59 1585 161 1637 incurrat,
176 1586 243 1629 verbis
262 1587 328 1629 utitur
344 1586 411 1643 prima
428 1585 496 1628 fronte
510 1584 535 1628 ad
547 1584 717 1641 vituperationem
730 1585 773 1627 eius

61 1662 187 1717 comparatis.

84 1831 108 1879 (1)
120 1835 210 1867 Rectissime
221 1843 299 1867 ternanos
311 1835 348 1867 huie
359 1834 430 1879 opinioni
441 1832 503 1866 obstare
514 1839 567 1867 menet
578 1832 619 1867 Aer.
626 1832 701 1866 ntvflt:
710 1834 739 1878 30,
747 1835 775 1877 al,

61 1896 90 1928 ubi
101 1904 156 1928 tantus
167 1897 248 1930 biennium
259 1897 309 1941 illut,
320 1898 337 1929 in
347 1908 379 1940 qno
391 1896 477 1939 Epistolam
489 1895 509 1928 ad
520 1896 568 1929 Phil.
578 1896 657 1939 scripsisse
667 1895 741 1936 videtur,
753 1897 776 1927 ita

62 1959 139 2001 peregisse
150 1958 217 2004 dicitur,
228 1967 247 1993 ut
258 1961 317 2003 copiam
328 1958 393 1991 haberet
405 1956 484 1991 doetrinae
492 1957 680 2001 Chrieranaeunicuique
687 1956 776 1989 tradendae.
