1650 2790
289 54 333 84 oar.
350 42 375 84 ll.
392 56 449 84 vaus.
470 44 500 92 ll,
519 44 552 84 ta.
742 45 780 85 183

67 179 148 211 munnio
161 179 217 206 nune
233 165 274 220 spei
288 172 371 206 eventus
385 165 422 206 sibi
438 166 484 207 loeti
499 173 577 208 metum
593 173 676 208 eventus
693 165 782 208 tristioris

68 255 175 300 opponere.
206 240 248 282 Illis
263 241 318 282 eninr
333 240 398 283 verbis
412 236 518 299 exoptans7
535 250 558 284 ut
574 257 642 285 coram
651 257 753 293 eunrsro,
767 243 782 283 si

67 320 92 362 ad
111 317 212 359 iudicium
228 316 325 369 venisset,
343 317 442 375 gloriandi
461 332 542 360 causam
557 318 582 359 de
599 317 782 378 Philzppeosz'dos

69 395 163 447 liaberet⁷
185 406 242 447 spem
257 406 315 439 suam
333 407 354 434 se
369 407 392 435 eo
411 407 476 449 usque
491 394 513 434 in
527 400 581 434 terra
597 394 726 449 superstitem
739 394 783 436 fore

39 486 42 488 ’
67 469 176 528 significat3
192 465 227 509 hie
242 482 289 509 vero
302 467 390 511 declarat
398 467 454 524 quod
465 468 545 528 metuit,
558 467 657 510 nimirum
668 469 711 511 fieri
719 484 783 526 posse,

69 554 91 588 nt
111 552 171 588 antea
190 551 278 586 mortem
297 545 368 586 subeat
381 543 498 585 violentam.
529 543 715 598 Interpretationis‚
733 561 784 603 age,

68 621 176 663 verborum
192 620 320 677 singulorum
334 617 432 661 faciamus
445 618 573 674 perieulum,
589 625 613 659 ut
625 621 743 676 scrupulus,
759 637 784 663 au

69 705 160 739 mentem
171 696 258 739 auctoris
272 696 359 738 assecuti
374 695 448 745 simus,
462 694 477 736 si
491 696 536 751 quis
550 687 602 736 forte
617 697 688 739 lectori
701 699 785 749 residet,

70 790 93 817 er
108 776 177 818 animo
193 774 297 817 evellatur.

50 905 52 912 y
99 851 200 895 Videlicet
212 849 322 905 Apostolus
336 847 399 890 tidem
413 855 537 891 sectatorum
550 863 633 890 nnarsrr
649 863 697 892 oum
706 848 789 891 victnna

52 911 53 914 Ἴ
70 933 174 983 comparat
187 939 235 967 arae
248 924 352 980 imposita,
368 938 421 980 quae
433 924 481 966 rino
496 939 556 981 super
572 939 617 966 eam
631 923 757 967 effundendo
765 923 788 964 li-

71 1004 132 1045 batur
143 1001 197 1054 Deo;
214 1016 235 1043 se
249 1008 329 1053 autem,
343 1000 393 1048 huic
409 999 457 1042 fidei
470 1007 599 1057 operantem,
613 1015 662 1049 cum
678 1000 789 1049 sacerdote,

72 1078 108 1135 qui
129 1077 233 1119 victimam
248 1077 305 1119 illam
318 1077 362 1118 Deo
378 1075 448 1126 offert,
467 1082 487 1117 et
502 1075 530 1118 ita
544 1075 640 1132 quidem,
655 1083 679 1117 ut
693 1077 736 1132 ipse
757 1091 791 1118 sa*

73 1152 177 1196 crificulus
191 1167 252 1209 super
266 1151 390 1195 sacrificium
402 1158 511 1193 mactetur.
533 1150 637 1194 Iudicium
649 1150 689 1194 hoc
700 1166 791 1209 quoque,

72 1229 88 1269 si
105 1228 173 1269 minus
192 1228 286 1279 omnino,
304 1242 402 1284 magnam
422 1234 477 1269 certe
491 1234 583 1282 partem,
604 1241 702 1278 enaiim,
717 1241 791 1277 aaran,

73 1317 147 1345 onorii
169 1311 198 1345 est
217 1311 237 1345 et
253 1303 400 1359 plerorumque
412 1301 563 1357 Interpretum‚
578 1302 639 1344 etiam
652 1317 793 1345 nunrnwarnr

74 1386 94 1419 et
108 1393 235 1421 nnrrnrrsrr.
268 1379 341 1434 ltaque
353 1377 445 1434 primum
459 1391 486 1418 ne
501 1376 621 1419 confusione
636 1377 793 1434 comparationis
816 1431 818 1434 ι

74 1461 94 1494 et
114 1454 145 1495 rei
166 1460 294 1509 comparatae
314 1453 378 1495 oratio
396 1452 501 1502 turbetur,
513 1452 607 1497 Verbum
624 1451 737 1513 σπένδομαι
750 1469 792 1496 nou

75 1527 202 1571 reddendum
217 1536 246 1571 est
261 1543 309 1571 eum
326 1526 351 1570 V
350 1528 427 1585 algoto
441 1526 522 1569 Latino
540 1528 653 1582 impletor,
672 1527 707 1570 sed
723 1528 779 1571 dabor
788 1545 793 1570 .·

74 1618 127 1660 quae
148 1618 196 1646 vera
215 1604 282 1654 notio,
303 1603 361 1645 nulla
382 1617 442 1645 eausa
463 1610 503 1654 cst,
525 1617 562 1645 cur
579 1603 598 1646 ei
614 1603 675 1646 ctiam
691 1602 793 1647 adimatur·

74 1681 88 1721 2
102 1678 123 1721 T
122 1681 157 1722 z'm,
171 1680 210 1724 IV:
227 1683 252 1730 6,
268 1678 305 1721 ubi
319 1693 395 1721 rannus
410 1677 450 1720 alia
462 1677 535 1720 similia
547 1677 591 1720 aliis
606 1678 705 1722 cumulat.
735 1680 793 1721 Eius-

74 1754 122 1796 dem
136 1762 206 1796 autem
218 1754 259 1796 loci
276 1767 359 1811 quoque
378 1753 438 1796 docet
453 1753 588 1809 comparatio,
608 1754 624 1795 si
636 1769 719 1796 urrunnu
733 1771 794 1797 raum

75 1830 208 1885 interpretem
218 1831 287 1872 faeere
301 1829 398 1881 velimus,
413 1828 525 1872 audiendos
539 1844 581 1871 non
589 1844 644 1880 esse,
655 1830 691 1886 qui
700 1830 792 1873 Verbum

75 1903 185 1959 σπένδομαι
198 1904 289 1946 lledinm
304 1903 402 1947 habentes
417 1905 507 1947 scribant
519 1904 562 1946 libo
574 1919 618 1956 me,
632 1904 665 1947 rel
676 1919 716 1961 pro
728 1906 794 1947 notio-

75 1996 101 2023 ne
119 1980 174 2022 illius
189 1980 271 2036 propria
282 1979 336 2023 hane
349 1979 472 2022 substituant
487 1979 597 2036 figuratam
609 1981 715 2023 obsomor.
732 1981 793 2023 Dein--

75 2057 100 2098 de
119 2056 198 2099 adiecta
217 2057 251 2100 ἐπὶ
264 2083 291 2090 —
303 2057 362 2110 ὑμῶν
375 2054 415 2097 hoc
430 2069 479 2098 cum
493 2054 563 2099 Verbo
577 2056 721 2114 coniungenda
735 2065 792 2107 sunt,

75 2147 117 2173 non
137 2146 196 2183 vero,
216 2131 247 2172 uti
266 2125 344 2186 placuit
365 2144 527 2180 cantsosroim,
549 2146 598 2173 cum
612 2132 706 2188 sequenti
717 2133 793 2188 χαίρω,

76 2207 152 2264 quippe
168 2206 225 2264 quod
240 2214 260 2248 et
275 2206 404 2249 interdicitur
420 2207 511 2250 oratione
525 2221 553 2250 rs.
571 2199 598 2251 1'8
614 2208 725 2259 substrata,
741 2214 760 2248 et
771 2207 793 2248 in

76 2283 178 2326 scribendi
204 2297 283 2325 morem
307 2283 395 2325 incurrit
417 2297 484 2325 ranno
504 2282 608 2326 usitatum.
634 2283 687 2328 Vide
707 2285 716 2323 1
741 2281 792 2326 Cor.

76 2358 134 2400 XIII:
151 2363 172 2403 6.
188 2361 247 2404 XVI:
265 2360 290 2401 1'7
308 2367 329 2422 et
343 2359 392 2401 alios
408 2359 473 2408 locos,
491 2359 513 2399 in
530 2358 605 2413 quihus
620 2358 743 2416 Praepositio
761 2359 796 2401 ἐπί

77 2448 126 2476 cum
142 2447 190 2476 casu
205 2436 266 2478 tertio
281 2435 374 2481 Verbum
389 2432 454 2492 χαίρω
468 2434 566 2490 sequitur.
590 2433 651 2487 Quod
662 2441 731 2476 auteur
744 2449 794 2477 nur-

77 2524 146 2551 rrerus
162 2507 192 2567 (1)
209 2525 276 2568 nuper
291 2509 317 2554 ad
332 2509 484 2553 distinctionem
499 2509 618 2569 mutandam
628 2509 745 2567 disputavit,
755 2511 795 2553 tale

77 2602 243 2609 ἡ

101 2662 125 2706 (l)
139 2664 206 2703 Qrtoost.
219 2676 235 2707 p.
248 2669 269 2700 27
282 2679 316 2711 sqq.
