1650 2790
47 58 72 97 te
312 67 355 94 (tarr.
372 53 387 94 l.
403 66 458 93 runs,
472 56 492 93 6.

44 179 75 220 ed
82 178 151 234 finem
165 176 278 233 perducet.
310 176 330 216 Si
347 183 414 218 autem
427 177 454 218 ita
474 173 573 225 redditur,
592 189 677 230 sequens
692 175 754 217 Parti·
802 226 806 230 ‚.

45 255 91 296 cula
102 250 159 310 ἄχρις
172 251 312 293 difficultatem
326 254 345 293 ei
356 267 398 294 non
412 253 479 304 affert,
494 267 556 309 quam
570 252 607 293 sibi
619 251 717 292 invenisse
726 250 754 290 vi-

45 330 103 370 detur
119 341 212 369 suerrus.
228 327 279 368 Nam
295 331 494 370 consummationem
508 328 585 368 Auctor
595 324 755 383 significatper-

10 398 17 406 ’
41 409 106 461 peteo
118 402 303 460 progredientem,
317 403 490 458 quemadmodum
503 402 576 447 ZCor.
585 401 634 446 Vll:
650 403 660 441 1
673 400 754 442 etalibi.
811 415 813 418 ¹

45 480 114 520 Pauso
136 477 248 519 difficiliora
268 492 315 518 vero
336 484 382 518 sunt
398 485 499 532 postrema
518 477 578 519 liuius
598 491 665 519 sersus
680 475 756 533 ἡμέρας
804 510 806 513 .

43 553 107 609 Ἰησοῦ
126 556 226 609 Χριστοῦ,
245 566 312 607 neque
332 551 381 594 adeo
396 560 465 594 tamen
484 553 596 607 implicata,
619 560 642 596 ut
654 552 756 606 Interpres

45 629 122 670 solorius
143 636 163 669 et
183 629 284 684 ingenuus
306 627 384 669 nodum
403 628 479 669 solvere
500 635 593 683 nequeat.
623 627 724 669 Nimirum
740 627 756 667 si
818 629 820 636 '

45 703 132 760 vulgaris
153 702 250 757 recipitur
273 703 383 753 sententia,
399 703 455 744 diem
472 718 516 744 lusu
531 716 613 745 cunrsrr
626 702 651 743 ab
667 703 756 743 Auctore

45 778 123 820 dictum
136 791 177 819 esse
185 770 284 834 termus,
298 792 338 834 quo
351 778 391 819 ille
404 778 483 819 iudicii
496 779 588 819 extremi
601 791 668 819 ceraso
677 778 704 818 de
713 792 757 819 coe·

45 854 74 894 lis
86 853 200 895 rediturus
210 858 276 902 esset,
292 867 366 909 magna
380 860 470 908 superest
480 854 581 909 quaestio,
594 851 695 910 quomodo
707 867 757 907 pro-

45 930 99 985 mitti
111 929 210 988 potuerit,
226 928 292 969 Deum
307 926 400 969 adhunc
415 928 457 969 eius
469 928 589 979 adrentum,
599 927 654 985 quod
669 927 757 985 Ptto'p-
811 923 814 928 ’

44 1006 142 1061 pensitam
161 1003 183 1043 in
200 1003 271 1043 animis
286 1017 346 1059 agere
358 1001 477 1057 incepisset,
493 1002 588 1058 deinceps
602 1010 758 1058 persecuturum

46 1094 93 1121 esse.
123 1077 166 1122 Viri
180 1077 239 1119 Docti
251 1092 299 1118 vero
314 1092 362 1123 cum
374 1077 396 1118 in
409 1076 550 1133 respondendo
563 1076 680 1127 haererent,
692 1092 712 1118 se
725 1093 758 1118 ex-

45 1154 116 1209 pedire
128 1153 246 1206 voluerunt:
261 1152 304 1203 alii,
320 1153 377 1194 dieto
392 1153 502 1210 significari
515 1160 632 1205 monentes,
645 1168 688 1210 qrto
700 1155 758 1210 qnis-

45 1244 85 1286 qne
99 1230 220 1270 morituros
233 1233 288 1269 esset
294 1242 302 1277 ,¹
317 1228 351 1269 alii
364 1228 473 1270 scribentes
488 1236 568 1270 tantum
576 1233 688 1286 perpetuo.
719 1228 759 1269 Sed

46 1312 143 1361 utrosque
163 1318 234 1345 avere
248 1304 360 1353 aberrasse,
377 1310 396 1344 et
412 1303 505 1360 plerique
523 1293 548 1346 ab
565 1304 648 1360 antiquo
665 1302 759 1344 viderunt

46 1381 179 1434 interpretes,
200 1385 220 1419 et
241 1377 279 1420 hac
300 1385 367 1419 nostra
387 1385 451 1440 aetate
466 1379 516 1421 adeo
531 1387 659 1434 perspectum
676 1386 717 1428 est,
735 1386 758 1419 ut

45 1452 99 1494 haud
113 1453 185 1502 seiam,
202 1467 228 1493 an
249 1459 363 1506 postremus
378 1454 402 1494 sit
415 1468 487 1494 esurus
503 1451 545 1511 (1),
561 1454 596 1509 qui
608 1453 661 1495 hanc
673 1454 695 1494 in
708 1454 757 1495 sale·
809 1443 814 1480 s

44 1528 102 1570 lnam
124 1526 225 1569 inciderit.
256 1527 320 1568 Iidem
343 1535 411 1569 autem
427 1529 468 1570 loci
485 1529 536 1570 Nori
554 1529 685 1579 Testamenti,
708 1544 758 1585 quos

46 1615 180 1643 rmrrurssrus
193 1600 218 1641 ad
229 1600 265 1641 lios
278 1615 355 1642 errores
366 1602 495 1658 depellendos
509 1604 624 1646 conducere
637 1611 706 1645 mouet
719 1602 757 1662 (2),

45 1673 232 1733 iiiterpretationem
249 1676 347 1717 sustinent
366 1678 481 1734 vulgarem,
504 1680 537 1721 eui
557 1687 576 1720 et
594 1680 629 1721 ille
645 1680 758 1726 assentitur.
810 1713 812 1716 .

45 1754 72 1794 At
90 1767 159 1794 revera
178 1758 246 1793 tamen
259 1750 315 1793 hunc
328 1751 383 1793 diem
396 1753 534 1795 aeternitatem
546 1754 603 1796 illam
616 1768 657 1795 esse
670 1754 709 1805 ait,
721 1769 758 1810 per

46 1842 107 1884 qnam
125 1826 162 1869 Dei
181 1826 242 1867 Filius
262 1827 379 1870 efficacitate
396 1829 438 1869 veri
454 1829 546 1886 rectique
558 1831 625 1871 omnia
637 1829 759 1885 pervadente

44 1904 66 1946 id
78 1911 134 1961 agat,
153 1909 176 1943 ut
188 1902 357 1945 reconciliationis
370 1904 422 1945 inter
434 1904 500 1946 Deum
513 1913 533 1946 et
544 1905 636 1947 homiues
649 1907 711 1947 semel
722 1921 758 1962 pa-

46 1987 108 2021 tratae
121 1978 195 2034 singuli
208 1978 301 2019 mortales
313 1979 420 2035 participes
434 1979 550 2032 reddantur,
562 1982 667 2038 magisque
680 1996 703 2023 ac
716 1996 758 2023 ma-
810 1976 812 1978 ’

47 2054 76 2110 gis
97 2053 192 2094 effectum
211 2051 304 2093 sortiatur
322 2053 384 2104 illud,
404 2055 459 2111 quod
475 2057 545 2113 generi
558 2055 647 2099 humano
659 2056 759 2097 Divinitus

46 2129 168 2171 destinatum
188 2135 235 2178 ests
248 2135 308 2184 atque
321 2129 348 2170 ita
361 2129 449 2172 reditum
462 2146 545 2173 cunrsrr
559 2139 579 2172 et
591 2131 686 2186 temporis
698 2131 758 2173 liuius
808 2140 809 2145 ’

46 2203 98 2246 liniti
111 2201 198 2258 spatium
212 2202 395 2258 comprehendere,
409 2212 429 2246 et
442 2212 497 2247 extra
509 2205 606 2248 terminos
620 2206 662 2247 cius
674 2221 758 2263 progre-

46 2279 67 2321 di
79 2279 101 2320 iu
114 2276 223 2320 infinitum.
254 2278 293 2320 Sed
309 2279 359 2335 quid
373 2279 424 2322 haec
439 2279 578 2337 Philosophiae
593 2296 663 2324 recens
679 2289 759 2323 exortae

46 2356 119 2411 placita
131 2353 157 2396 ad
170 2354 347 2414 monteronem?
377 2355 401 2396 ln
414 2363 496 2411 promtu
509 2364 547 2407 est,
562 2357 617 2413 quod
630 2356 655 2399 ad
668 2372 712 2399 earn
725 2372 758 2399 es-

69 2487 93 2530 (1)
104 2488 155 2519 Pauor
167 2487 223 2528 Epist.
235 2488 257 2518 oct
269 2487 344 2531 Pttopp,
359 2488 388 2521 Gr.
400 2500 420 2521 cn
431 2501 493 2523 recens.
505 2499 590 2522 cnrrsrncu
604 2498 634 2522 etc.
646 2490 664 2522 ad
677 2491 692 2523 h,
704 2491 716 2523 l.

69 2547 94 2592 (2)
106 2550 145 2580 Sunt
156 2559 210 2591 nempe
225 2551 233 2579 1
244 2550 283 2582 Cor.
295 2550 311 2581 1:
325 2550 343 2581 8.
355 2550 387 2582 lV:
399 2552 416 2583 5.
429 2553 440 2582 2
454 2551 491 2584 Cor.
504 2552 559 2585 1:14.
572 2552 619 2585 Ptic.
630 2553 646 2583 l:
657 2553 684 2584 10,
697 2552 761 2586 11:16,

47 2613 56 2641 t
71 2609 89 2641 T
89 2610 131 2642 hess.
147 2610 168 2642 V:
187 2611 246 2653 2sqq.
265 2613 276 2641 2
291 2610 381 2644 Tltess.1:
395 2614 422 2644 10.
443 2614 470 2645 11:
484 2615 501 2644 2.
519 2613 590 2645 2Ttta,
603 2615 620 2646 1:
635 2615 706 2656 12,18.
730 2615 759 2646 sea

48 2674 56 2703 1
70 2671 107 2705 Cor.
119 2673 153 2705 111:
169 2673 190 2704 13
204 2674 215 2716 ἡ
228 2675 287 2719 ἡμέρα
299 2676 385 2716 generatim
397 2675 440 2709 dion
452 2675 524 2709 denotare
537 2675 604 2708 ridetur.
