1650 2790
308 57 352 84 ear,
368 43 394 84 Π.
410 58 466 85 vnrs.
483 46 517 85 25.
730 47 769 86 tot

58 163 151 221 plerique
171 171 253 205 oeusent
274 153 396 219 Interpretes
418 173 437 206 et
453 166 495 220 ipse
508 164 556 207 olibi
572 163 602 224 (l)
623 164 678 221 haud
693 173 769 209 temere

57 240 151 282 sumsisse
169 239 219 281 mihi
239 239 318 292 videor,
338 240 366 282 ita
388 247 407 299 et
426 242 559 284 eoniunetum
579 241 638 284 doeet
654 243 771 284 Prouemeu

57 317 127 368 ipsiu,
148 323 168 358 et
187 316 278 358 suhieeta
295 316 382 359 formula
397 317 507 374 leiseoppde
519 321 554 374 τῆς
568 319 636 376 χρείας
649 336 701 373 μου,
711 328 789 374 ‘quae¹

58 406 106 432 eum
120 394 247 432 ministrem
258 391 433 450 Philippensium
447 393 508 434 fuisse
521 392 632 448 signifieat,
646 395 771 434 necessasia

58 466 361 525 Apostolo„suppeditantem
386 467 415 509 Cf.
433 481 485 508 onze
503 465 529 507 ad
548 464 569 507 h.
589 466 603 507 l.
633 466 771 517 llarrurnsrus

57 541 142 599 quidem
156 542 231 599 aliique
242 541 280 585 hae
292 543 380 584 formula
391 540 471 583 laudari
484 541 545 582 etiam
558 547 631 595 putant
645 540 710 584 officie
722 543 771 584 varii

58 616 144 674 generis,
159 630 212 672 quae
221 629 384 664 ursounourrus,
396 613 534 674 eum-‘Rornae
546 622 603 665 esset,
616 629 682 668 rsuuo
690 618 773 671 praesti-

58 691 114 733 terit:
129 691 163 733 sed
173 690 222 733 huie
235 689 345 732 sententiae
359 689 423 731 obstat
434 681 581 747 interpretatio,
591 705 654 747 quam
665 706 702 733 vox
717 692 773 748 χρεία

58 767 102 826 sibi¹
116 767 204 823 postulat
225 780 269 821 eap.
284 765 324 808 IV:
342 766 369 807 lo
388 765 502 821 ceterisque
515 766 536 807 in
550 766 599 808 loeis
617 766 727 816 similibus,
742 768 774 808 al-

58 841 103 884 latis
119 857 131 883 a
150 854 236 883 onorio.
266 840 309 881 Nee
322 840 387 896 magis
403 839 516 882 ‘audiendus
530 855 666 882 MATTHIESIUS
681 849 722 902 est,
739 842 773 882 ulii

58 916 173 966 contendit,
187 914 326 970 appellatione·
333 912 458 967 ἀποστόλου,
471 930 597 972 quamquam
608 917 703 974 legalem
712 917 774 973 signi-

58 992 106 1033 ficet
121 991 309 1048 Philippensimn,
323 989 384 1031 simut
397 997 466 1032 tamen
478 992 565 1048 spectari
580 991 710 1048 dignitatem
721 997 775 1034 tori-

57 1082 122 1125 qoem
136 1065 299 1124 Apostolieom‚
316 1078 378 1121 quam
390 1080 547 1108 urniunoorrus
560 1065 615 1122 apud
628 1081 661 1108 eos
672 1066 774 1108 habuerit.

58 1142 153 1184 Notiones
168 1140 223 1182 euim
238 1141 309 1198 legati
322 1141 431 1181 lominum
445 1147 465 1182 et
478 1139 584 1197 Apostoli
592 1140 637 1182 Dei
650 1142 682 1182 rel
692 1155 775 1183 eunrsrr

59 1218 97 1259 sihi
114 1224 187 1258 mutuo
199 1223 241 1258 taur
255 1215 357 1271 oppositae
371 1222 429 1266 sunt,
446 1222 476 1256 utv
484 1215 548 1258 altera
561 1216 623 1272 plane
637 1216 731 1258 excludat
743 1216 775 1257 ai-

60 1301 130 1335 terurn.
159 1291 228 1336 Verbo
249 1298 318 1332 autem
336 1289 417 1345 πέμψαι
435 1290 465 1332 uti
485 1290 553 1346 potuit
571 1306 659 1342 naeuus,
679 1291 794 1348 queuiana

59 1377 115 1409 nune
133 1381 306 1416 urisruaonrrnsr,
327 1367 382 1407 soeii
399 1365 541 1407 etodiuloris
562 1368 598 1407 sui
611 1369 706 1416 aioinine,
723 1382 775 1423 quu-

59 1443 100 1483 lem
120 1456 167 1490 eum
188 1441 269 1483 Rooroe
287 1439 396 1490 habuerat,
420 1439 538 1498 Philippos
558 1441 663 1483 mittebat:
689 1449 712 1482 ut
732 1442 776 1482 siue

60 1531 120 1559 causa
138 1516 260 1571 interpretes
279 1514 348 1557 dieunt
366 1519 451 1556 mittere
471 1515 570 1571 scripturn
590 1532 632 1558 esse
649 1532 685 1572 pre
699 1518 775 1558 remis

60 1598 111 1633 tere.
131 1592 221 1633 Fortasse
236 1598 315 1640 tamen,
331 1597 355 1631 ut
370 1598 439 1632 censet
454 1606 577 1641 erudimus,
591 1607 634 1633 nou
645 1592 774 1646 ἀναπέμψαι,

60 1666 94 1708 sed
113 1666 193 1721 πέμψαι
213 1666 302 1721 scripsit,
325 1665 380 1721 quod
402 1680 558 1708 nraruaourrus
575 1665 614 1708 lroe
633 1667 716 1708 oonsilio
731 1666 776 1708 Ro-

38 1765 39 1768 =
60 1758 116 1784 sarem
131 1748 223 1793 verterat,
244 1749 267 1782 ut
281 1741 310 1783 ihi
326 1755 373 1782 eum
388 1755 455 1783 inuio
471 1749 568 1784 maneret.
600 1742 677 1784 Eodem
693 1757 776 1799 quoque

83 1915 106 1961 (t)
123 1917 212 1949 Aristotelio
223 1921 253 1947 eet.
265 1926 283 1958 p.
296 1915 338 1957 153,
351 1916 391 1948 154.
414 1916 528 1959 Disputationis
541 1923 593 1948 auteur
604 1918 628 1948 vis
639 1928 670 1948 non
683 1917 777 1959 infringitur

60 1990 88 2023 eo,
104 1977 145 2022 quod
161 1977 238 2009 Ecclesiae
249 1977 303 2008 Patres
313 1976 415 2019 appellationi
426 1975 542 2011 ’Λποστόλου
554 1977 620 2009 subinde
631 1977 702 2009 latiorem
714 1978 777 2010 tribue*

59 2047 96 2071 ruut
106 2040 193 2080 notionem,
205 2043 224 2069 ut
235 2036 305 2069 ostendit
315 2046 386 2069 suicuuus
397 2040 414 2070 iu
425 2051 442 2071 v.
455 2039 493 2081 Quis
504 2041 556 2082 enim,
569 2039 597 2071 hos
608 2040 678 2072 homines
685 2042 702 2071 in
708 2042 778 2073 notioni-

58 2101 88 2133 bus
99 2100 192 2133 definiendis
202 2110 247 2142 saepe
258 2100 310 2142 lapsos
321 2110 363 2143 esse,
373 2101 436 2142 Ignorat
444 2100 488 2144 adeo,
498 2107 517 2132 ut
529 2113 582 2133 eorum
589 2103 605 2133 iu
612 2101 660 2133 rerba
665 2103 717 2133 iurare
723 2102 777 2134 ausit?

58 2163 116 2207 titique
132 2162 189 2194 nollem
206 2172 273 2193 errorem
289 2167 391 2204 propagatum
405 2161 424 2193 ab
438 2161 553 2205 Interpretibus
565 2172 634 2204 sussuu,
647 2164 694 2195 Ilist.
709 2165 776 2195 Eeelos.

59 2225 95 2257 tib.
113 2226 135 2257 II.
151 2236 185 2268 cap.
201 2225 232 2267 24,
250 2223 279 2255 uhi
290 2230 343 2255 tamen
353 2222 373 2255 ab
385 2230 446 2255 auctore
458 2235 489 2255 non
500 2224 575 2266 seriptum
587 2226 732 2269 putant'lll'dpeou
744 2227 775 2258 idn

60 2279 161 2319 ἁπόᾶτολον
179 2287 211 2318 καὶ,
229 2284 372 2329 εὐαγγελιστήν,
389 2285 416 2318 sed
428 2292 489 2317 tautum
499 2286 577 2330 Μάρκον
589 2287 621 2319 τὸν
636 2287 775 2330 stuipyslinmp.

61 2348 133 2379 Ceterum
145 2349 170 2380 dt.
182 2350 214 2381 lnt.
226 2348 273 2380 Alex.
286 2347 305 2379 ad
317 2349 326 2378 1
339 2349 380 2390 Rep.
392 2348 437 2380 XIV:
449 2349 460 2379 6
472 2354 488 2379 et
499 2355 545 2378 stiur.
558 2347 578 2380 ad
587 2350 620 2382 ses.
628 2349 687 2380 XVIII:
700 2350 717 2380 2.
731 2349 776 2390 Quod

60 2408 138 2451 nonnulli,
150 2416 235 2452 praeeunte
246 2418 354 2450 inuenturum,
366 2421 386 2441 ex
396 2409 501 2452 appellatione
513 2406 628 2442 Ἀποστὸλου
641 2416 726 2450 eruerunt,
738 2419 777 2441 uru-

59 2480 145 2502 runeurruu
162 2474 298 2517 Philippensium
312 2473 362 2505 fuisse
379 2474 490 2516 Episcopum,
507 2473 534 2516 qui
546 2472 645 2516 Presbyteros
657 2472 687 2503 sihi
699 2472 778 2505 subiectos

60 2532 132 2574 haberet,
143 2533 160 2564 in
171 2542 215 2564 rauu
226 2547 257 2567 non
267 2534 335 2579 quadret
345 2540 418 2566 aetatem.
432 2534 461 2566 eff.
474 2546 512 2578 quae
523 2542 581 2564 ursrtus
588 2534 673 2576 disputavit
681 2534 701 2565 ilo
712 2537 776 2578 eripiare

62 2596 167 2627 arroteritutis
182 2595 302 2640 Episcoporum
320 2599 340 2629 iii
354 2597 420 2631 Eeelrs.
436 2597 498 2629 Clrrist.
514 2598 531 2628 in
543 2595 615 2640 Arellius
625 2608 664 2629 uuor
676 2597 695 2628 dr
707 2598 776 2630 Korou.

64 2659 122 2691 (lesco.
134 2665 163 2690 eet,
177 2657 218 2690 Toni.
231 2659 254 2690 Il.
266 2671 282 2700 p.
294 2661 302 2691 1
316 2672 349 2703 sqq.
