1650 2790
269 78 313 104 111.
328 64 354 105 ll.
371 77 427 105 unus.
444 65 464 111 3,
482 65 501 104 4.
707 57 747 102 133

34 170 91 211 uotis
105 169 167 218 insat,
180 166 297 219 modestia,
307 170 396 225 quisque
411 170 503 210 atterum
519 183 542 209 se
555 169 691 226 superiorem
706 166 747 208 du-

36 250 110 288 centes.
142 242 251 295 Quaeritur
272 250 363 294 tantum,
380 243 416 299 qul
432 243 476 285 lieri
492 243 564 300 possit,
578 247 601 285 ut
618 243 654 299 qui
668 241 747 297 reipsa

35 318 114 361 excellit
127 333 175 373 prae
186 317 237 368 aliis,
256 317 354 360 existimet
365 333 397 360 eos
409 320 574 374 praestantiores,
588 333 638 375 quos
652 317 747 373 procula

34 410 53 437 se
74 383 148 435 distare
168 393 230 435 norit.
260 394 329 438 Verba
341 403 391 441 sunt
400 409 495 445 movim,
511 393 568 435 euius
585 389 663 444 tamen,
680 393 711 434 uti
727 399 749 434 et

34 469 119 512 oliorum
140 468 269 523 responsione
284 469 391 511 difficultas
405 470 470 526 magis
485 469 598 524 obtegitur,
614 483 675 523 quam
689 460 747 510 tolli-

34 554 73 586 tur.
103 543 190 585 Tollitur
204 559 251 586 rero
262 559 358 601 magnam
371 551 461 598 partem,
478 543 494 583 si
509 557 589 584 sumere
605 542 664 592 licet,
681 558 746 598 prae-

34 619 137 669 stantiam,
154 633 215 676 quam
232 635 307 661 munus
319 626 429 669 memorat,
440 620 546 675 pietatem
559 624 580 658 et
588 618 690 659 virtutem
703 634 748 674 spe-

35 702 95 737 ctare.
126 695 187 748 Quod
206 702 285 743 tamen,
301 701 325 734 ut
339 699 419 735 strenua
437 708 473 735 sua
487 692 621 748 disputatione
633 694 748 748 probaverit

34 784 151 819 seuruzrus,
168 785 192 811 eo
201 769 265 826 magis
276 783 358 818 vereor,
371 761 413 825 quo
427 769 522 810 attentius
537 767 654 819 considero,
669 768 748 823 etdpo-

36 845 110 886 stolum
124 843 206 886 dicendi
219 843 280 885 modo
294 844 325 884 uti
339 843 401 906 nullis
413 843 488 884 finibus
500 842 664 897 circumscripto,
681 850 701 884 et
715 858 750 900 ge-

36 919 121 960 neratim
136 917 222 974 quoque*
233 918 376 974 accipiendum
396 933 438 960 esse
454 918 512 974 'quod
528 918 568 960 loci
583 918 659 960 habent
676 918 750 959 similes

36 993 97 1036 Rern.
113 995 144 1035 X:
163 996 203 1044 10,
218 996 252 1037 16.
266 993 326 1050 Ept.
341 996 370 1039 V:
384 996 418 1036 21.
436 997 446 1034 1
467 992 556 1038 Fert:
574 998 593 1036 5.
625 993 664 1036 Sed
678 992 700 1034 hi
712 994 751 1048 ipsi

36 1070 76 1111 loci
89 1070 147 1111 nohis
159 1070 212 1111 riam
226 1076 339 1111 monstrant
351 1077 371 1112 et
383 1071 483 1112 rationem
496 1068 554 1119 nodi,
565 1083 606 1125 que
621 1067 750 1119 offendimur,

37 1143 166 1199 expediendi:
183 1144 208 1185 ah
221 1144 317 1199 Apostolo
331 1159 405 1200 nempe
421 1160 463 1186 non
476 1145 600 1193 eradicandi,
619 1144 654 1186 sed
668 1144 752 1201 egendi

36 1218 146 1274 praescribi
159 1234 253 1261 normam
269 1226 288 1261 et
301 1221 404 1276 regulam:
421 1220 460 1262 hae
474 1219 499 1261 de
512 1234 572 1261 eausa
587 1216 686 1275 ἀλλήλους
700 1219 754 1269 dici,

38 1309 78 1335 non
97 1291 170 1345 ἄλλους
188 1294 220 1335 rel
234 1293 320 1345 ndreae:
339 1287 654 1353 ΠεοΡ1111οἰρ111111ἡγούμενοι,
669 1295 751 1337 duceu-

37 1375 79 1418 tes,
96 1369 154 1411 aliter
168 1369 313 1426 explicandum
327 1385 369 1412 esse
382 1386 444 1427 quam
457 1370 603 1421 ostendentes,
616 1370 752 1421 vastavere,

38 1444 210 1499 quemadmodum
222 1431 315 1488 Verbum
337 1446 432 1501 ἡγεῖσθαι
454 1448 463 1485 1
487 1445 561 1488 Tltess.
582 1445 612 1490 V:
628 1447 654 1487 13
671 1452 691 1487 et
705 1446 753 1487 alibi

40 1518 163 1574 populariter
180 1519 303 1560 sumendum
317 1520 351 1561 sit:
367 1519 436 1576 itaque
451 1534 534 1561 usunurr
552 1520 608 1567 idem
623 1520 676 1562 illud
692 1535 754 1575 prae-

39 1594 106 1649 cipere
121 1592 315 1651 Philippensibus,
332 1594 388 1651 quod
401 1603 422 1636 et
440 1594 546 1657 Berusetis
560 1597 688 1651 praeceperit
702 1596 754 1638 seri-

38 1669 116 1710 beudo:
136 1674 164 1729 τῇ
181 1674 232 1729 τιμῇ
250 1668 348 1727 ἀλλήλους
361 1669 516 1728 προηγούμενοι,
535 1680 554 1713 et
568 1673 611 1728 ipse
625 1687 690 1724 rusus,
707 1688 756 1715 cum

41 1758 97 1794 soce,
114 1752 158 1785 tum
172 1744 275 1801 exemplo,
292 1745 374 1787 ittarta.
386 1747 435 1787 XX:
451 1749 487 1789 26.
500 1746 578 1790 Iseon.
591 1748 641 1789 Xlll
650 1762 755 1790 commen-

40 1818 115 1859 daverit
130 1818 245 1875 discipulis,
257 1826 282 1861 tat
295 1821 339 1861 stez·
349 1826 422 1862 astutus
431 1827 577 1879 praestarent
585 1823 666 1881 efficia,
679 1824 755 1880 qualia

41 1895 192 1951 superioribus
207 1896 326 1951 assertores
343 1901 461 1953 praestaro
474 1898 581 1947 solerent,
603 1913 639 1939 seu
655 1898 698 1939 sihi
711 1914 755 1940 mu-

42 1975 77 2010 tuo
98 1959 257 2011 antrustionent.
293 1970 347 2011 Haec
365 1978 434 2011 autern
454 1971 605 2027 interpretatio,
626 1980 650 2013 ut
663 1981 757 2015 auctores

43 2045 81 2085 ianr
100 2044 162 2085 habet
177 2059 337 2095 smenmueruu,
354 2059 468 2095 ennomus,
483 2061 636 2098 amusosnruu,
652 2049 712 2099 alios,
728 2050 757 2091 sio

42 2133 82 2161 nna
98 2120 194 2162 conuenit
209 2119 294 2162 orationi
308 2121 411 2177 sequenti,
423 2121 460 2162 ubi
473 2136 571 2164 ounrsrus
584 2138 605 2164 se
619 2139 660 2166 non
674 2125 757 2166 inferio-

43 2208 85 2234 rern
106 2195 196 2246 duxisse,
218 2195 253 2236 sed
273 2196 372 2237 inferioris
393 2196 456 2239 instar
476 2197 540 2252 egisse
558 2198 639 2241 dieitur.
665 2199 693 2241 Cf.
709 2197 756 2240 Str.

43 2268 83 2309 lll:
103 2273 135 2313 13.

356 2398 410 2424 VERS,
428 2398 446 2424 4.

72 2495 137 2549 Alteri
151 2497 209 2547 vitio,
227 2514 267 2555 quo
281 2500 306 2540 ab
323 2500 388 2542 officio
407 2501 435 2543 ad
452 2516 516 2543 unum
532 2499 627 2558 idemque
644 2500 759 2557 adspirandi

45 2570 169 2621 deflectitur,
184 2573 261 2616 Auctor·
276 2575 304 2617 sic
318 2577 417 2619 occurrit:
438 2577 479 2633 Mt)
492 2577 518 2622 ed
531 2577 608 2621 ἓοοτοῖν
622 2577 701 2621 ἕκαστοι
714 2594 762 2622 σκο-

45 2650 136 2700 ποῦντες,
150 2646 202 2691 stlta
216 2651 248 2692 uod
262 2649 288 2693 ed
301 2650 373 2709 ἑτέρων
387 2653 470 2697 ἕκαστοι.
499 2652 602 2695 Assentior
620 2653 675 2695 eninr
693 2669 761 2696 nanu-
