1650 2790
97 59 139 99 206
348 69 391 96 car.
408 54 434 96 Π,
451 69 506 97 vens.
524 58 558 97 30.

97 179 197 236 originem
216 177 293 231 cepisse
312 183 331 218 ct
349 177 375 219 ad
394 178 482 220 Graecos
495 175 605 227 transiisse,
626 175 677 219 mihi
688 178 810 233 pcrsuadcrc

97 269 139 296 non
155 265 246 307 possano,
266 251 373 309 quoniam,
386 268 413 294 ue
424 254 484 309 plura
497 252 574 303 dicam,
587 251 649 295 Codd.
663 252 809 299 Graeco-latini

97 335 154 378 sunt,
174 327 211 383 qui
227 327 338 383 praebcant
356 326 566 386 necapolsvodpavoe,
586 327 621 370 sed
639 327 689 370 huic
701 329 809 385 Participio

96 402 286 458 interpretationem
298 403 386 445 habeant
398 404 520 460 appositam,
537 418 589 461 quae
602 403 628 445 ab
641 402 704 446 Itale
718 403 809 449 discedit.

96 481 125 522 Eo
138 488 207 522 tamen
218 479 269 523 haec
281 480 423 536 Interpretatio
430 480 539 522 contulisse
551 479 638 531 viderur,
654 487 682 531 ut,
689 480 746 522 noris
752 495 810 524 roca-

96 555 149 597 hulis
159 556 256 607 formatis,
263 555 396 613 parabolani
405 556 556 612 appellarentur
565 548 736 613 homiuesgquiin
744 556 811 598 morbi

96 631 219 687 contagione
232 630 319 687 aegrotis
331 630 400 673 adesse
413 646 455 674 non
467 632 587 675 metuebant
600 629 639 689 (1)
670 631 731 685 Quod
743 638 811 674 autem

96 705 277 757 aiuaniriDocrt
290 706 396 749 notionem
408 708 511 765 Participii
524 690 737 765 neebssovlevoelperog
749 707 811 749 talem

97 795 146 833 csse,
157 787 180 822 ut
192 796 346 824 ureruaonrrus
362 797 386 825 eo
402 797 445 825 non
459 782 563 832 laudetur,
577 781 613 824 sed
623 782 758 837 vituperetur,
767 795 811 837 spe-

97 857 176 899 ciosum
193 858 258 914 magis
273 865 303 899 est
318 872 380 914 quam
396 874 473 902 rerum.
504 860 583 901 Enasrrr
599 858 755 914 explicationem
770 872 812 899 noe

97 932 268 974 habitatatione
281 935 339 974 arrae
351 935 466 990 elegantem
479 942 537 976 vocat
545 947 602 976 anza.
617 932 659 975 Alii
669 933 758 975 scribere
769 946 812 975 ma-

96 1008 143 1049 lunt
158 1009 216 1049 ottae
230 1009 301 1049 rrrz'rtus
315 1009 427 1049 consulens
441 1017 476 1049 aut
488 1009 588 1052 similiter.
618 1009 659 1051 Sed
674 1009 751 1052 etiamsi
764 1008 813 1050 scri-

96 1083 158 1125 batur
170 1084 237 1124 eitam
253 1098 314 1124 suem
329 1083 457 1140 negligens,
472 1082 515 1132 rel,
531 1082 557 1124 ad
569 1083 704 1126 imitationem
717 1098 812 1134 nonsart,

96 1161 183 1200 arrabone
199 1173 251 1201 suae
264 1157 391 1218 prodigum
411 1157 477 1199 omnis
488 1157 567 1199 tollitur
584 1158 692 1201 difficultas
710 1159 814 1216 probanda

97 1233 228 1276 distinctione
246 1233 307 1275 huius
329 1248 407 1283 versus,
424 1247 487 1289 quam
504 1232 632 1275 exhibuimus
645 1249 713 1290 supra.
743 1235 815 1291 Neque

98 1324 122 1352 ca
141 1308 253 1365 improbari
268 1316 343 1364 potest,
360 1309 376 1351 si
391 1307 569 1360 animadvertitur,
585 1310 710 1352 Particulam
726 1325 814 1367 sequen-

97 1393 141 1427 tem
153 1390 199 1438 ἵνα,
214 1399 263 1426 cum
279 1385 387 1426 consilium
403 1384 515 1442 significet,
533 1384 661 1427 referendam
676 1400 719 1428 uon
733 1401 775 1428 esse
789 1385 815 1428 ad

97 1474 170 1504 vocem
183 1460 272 1502 notionis
286 1461 377 1503 Pessime
390 1456 469 1516 ἤγγισε,
483 1459 519 1501 sed
530 1460 614 1503 Aetirae
626 1457 814 1518 παραβουλευσᾶμε-

98 1553 138 1587 νος.
166 1537 221 1593 Ergo
237 1535 299 1577 rerba
312 1535 524 1592 παραβουλευσιίμενος
536 1538 564 1593 τῇ
577 1538 638 1593 ψυχῇ
651 1550 699 1577 cum
712 1535 815 1591 sequenti-

97 1612 137 1653 hus
148 1612 184 1653 ‘lvo
201 1607 338 1667 ἀναπληρώσῃ
356 1608 380 1652 td
392 1609 451 1663 niueis
463 1607 567 1665 ὑστέρημα
579 1610 616 1665 τῆς
628 1605 677 1665 πρός
689 1626 715 1662 με
728 1613 815 1665 λειτουρ-

40 1699 45 1705 ·
99 1687 144 1741 γίας
157 1693 199 1727 tarn
214 1692 270 1727 arcte
286 1683 405 1734 cohaerent,
421 1691 444 1725 ut
457 1682 489 1735 id:
506 1682 561 1740 quod
576 1684 598 1725 in
616 1682 656 1724 illis
674 1684 728 1726 male
747 1682 813 1733 audit,

99 1759 122 1802 in
139 1760 215 1802 bonam
232 1766 312 1815 partem
335 1759 454 1815 explicetur.
484 1759 539 1801 Haeo
553 1773 628 1815 ncutpe
641 1759 678 1801 sihi
693 1759 775 1801 rolunt:
791 1765 816 1800 ut

101 1836 215 1894 suppleret
229 1835 335 1893 defectum
349 1836 480 1885 trraru'stere'i,
495 1850 510 1876 cr
523 1834 580 1876 uobis
594 1835 649 1876 auidi
658 1836 730 1893 fecti,
745 1834 815 1876 idest:

100 1910 141 1955 Vos
162 1909 213 1951 mihi
235 1908 361 1951 ministrastis
377 1909 489 1952 necessaria
504 1909 529 1952 ad
543 1911 615 1961 vitam,
631 1925 670 1952 nec
686 1910 815 1966 plusfacerc

101 1985 205 2042 potuistis:
219 1984 254 2027 hic
267 1999 314 2027 rere
325 1985 425 2040 praestitit
438 2000 499 2028 omne
512 1985 574 2037 illud,
591 1985 648 2028 cuius
664 1984 778 2041 praestandi
787 1985 816 2026 fa-

102 2063 166 2104 cultas
188 2060 245 2103 rohis
262 2059 338 2104 deerat,
368 2060 466 2103 Sirmliter
478 2060 557 2103 dictum
572 2076 634 2104 raum
648 2060 750 2117 explicant
764 2074 816 2102 run-

102 2150 243 2187 ornrmcrus,
260 2150 356 2187 aeonius,
368 2137 429 2178 multi
441 2136 482 2180 alii.
489 2136 518 2180 Gf.
525 2136 625 2193 imprimis
637 2140 647 2177 1
661 2135 711 2180 Gor.
719 2136 774 2180 XVI:
782 2138 815 2177 17.

102 2212 251 2257 Verumtamen
265 2212 328 2254 varias
339 2225 419 2262 causas,
433 2226 470 2253 eur
482 2211 589 2268 Apostolus
601 2212 629 2254 ita
640 2210 752 2266 scripserit,
761 2226 816 2254 com-

102 2286 169 2330 menti
190 2293 237 2328 sunt
256 2287 385 2343 interpretes.
415 2286 539 2329 ascensam
558 2286 642 2343 quidem
663 2285 816 2343 quadruplicem

103 2378 153 2406 anza
180 2361 248 2406 afferri
272 2376 331 2417 posse
353 2375 449 2411 monens,
475 2360 527 2403 nihil
548 2361 591 2418 ipse
612 2361 688 2405 delinit.
724 2362 764 2404 Sed
783 2361 817 2403 hle

105 2454 188 2497 quoque
202 2437 228 2481 ad
239 2436 317 2481 nodum
334 2436 484 2494 expediendum
497 2437 580 2480 inservit
590 2437 692 2494 proposita
705 2438 817 2481 distinctio-

105 2531 274 2557 ...m-L*

129 2611 154 2657 (1)
166 2613 191 2645 cf.
208 2621 228 2643 Du
244 2621 305 2655 cetat,
326 2616 399 2646 Glossrrr.
416 2614 438 2646 erl
451 2612 512 2657 Seript.
527 2613 566 2645 nrrdi
580 2619 596 2644 ot
610 2614 662 2653 defini,
677 2615 732 2648 ertin.
745 2615 786 2647 Torn.
799 2612 812 2642 V

106 2686 123 2717 t·
135 2675 177 2716 149,
188 2675 227 2706 1511».
