1650 2790
294 54 339 83 nur.
354 41 381 82 Il.
397 55 454 83 vrrs.
467 43 506 92 22,
524 44 559 84 23,
733 48 773 87 195

62 182 108 212 error
127 164 249 206 doctrinam
270 176 354 204 cunrsrr
369 170 515 222 propagaret.
552 165 620 221 Atque
638 164 678 216 sio,
698 172 721 206 ut
733 166 774 209 iam

61 245 115 286 beno
137 247 207 282 monet
225 253 414 291 rurornrurorus,
435 240 593 299 Philippenses
611 248 671 284 testes
690 240 775 284 advocat

62 319 160 360 virtutum
179 329 294 365 rimorum,
309 329 396 372 quarum
407 315 531 359 documento
542 318 581 373 ipsi
593 332 662 361 eoram
675 316 774 359 viderant.

364 465 422 492 unns.
438 453 474 493 23.

91 544 134 585 lam
148 541 255 597 Apostolus
268 540 294 582 de
306 539 367 581 huius
375 540 413 580 riri
425 540 504 581 iuvenis
517 540 612 583 missione
623 555 684 596 porro
695 543 774 584 scribit:

63 622 141 664 Τοῦτον
159 618 196 674 μὲν
215 615 251 661 οὖν
269 616 344 667 ἐλπίζω
359 613 451 670 πέμψαι,
470 614 498 666 ὥς
512 611 537 658 ἂν
551 614 618 660 sinitur
632 614 658 660 rol
670 617 714 674 περὶ
727 617 778 672 ἐμὲ,

61 696 152 751 ἐξαυτῆς.
178 693 236 746 Quae
246 690 281 733 hic
293 690 315 731 in
327 688 396 731 medio
408 688 474 745 posita
484 697 542 740 sunt,
556 705 598 733 non
611 691 665 734 male
676 691 776 748 interpre-

61 778 116 813 tatur
130 780 300 812 ennrsosronus:
316 759 364 809 ὅταν
381 764 420 809 ἴδω
438 766 460 808 ἐν
475 765 512 809 τίπ
526 766 609 822 ἕστηκα,
623 768 656 809 καὶ
669 771 726 810 ποῖον
739 766 778 817 ἕξει

61 844 117 895 τέλος
128 843 155 888 ποῖ
167 843 209 887 κατ’
223 842 266 898 ἐμὲ.
294 840 334 883 Sed
347 840 440 885 Verbum
453 836 529 882 α’πείδω
541 841 694 902 perspiciendi
707 841 778 883 notio-

62 934 110 961 nem
123 917 195 969 habet,
211 917 260 959 inde
273 924 349 968 ortam,
365 915 420 973 quod
432 915 515 971 proprie
527 915 553 957 de
567 931 591 958 eo
602 923 722 972 usurpetur,
738 917 777 973 qrrr'

62 993 158 1053 aliquid,
173 993 294 1051 prodente
307 993 379 1035 oeulos
393 997 436 1043 est,
454 997 534 1034 attente
551 993 649 1034 intuetur
661 989 701 1049 (1)
732 990 777 1032 Ad-

62 1069 155 1112 rerbium
168 1071 263 1125 ἐξαυτῆς,
276 1068 327 1124 quin
340 1067 366 1110 nd
378 1067 505 1109 Infinitivum
517 1066 598 1122 πέμψαι
611 1066 682 1108 referri
693 1065 778 1117 debent,

64 1159 124 1187 nemo
138 1143 198 1186 laeile
211 1143 260 1193 erit,
276 1143 312 1199 qui
325 1142 404 1184 dubitet
416 1140 455 1201 (2).
485 1143 545 1183 Forte
557 1142 602 1198 quis
613 1142 725 1199 rogaverit,
740 1156 777 1184 our

63 1235 150 1271 prunus,
174 1219 210 1275 qui
229 1226 285 1261 certo
300 1218 433 1260 constituerat
451 1232 588 1268 rmrornuurr,
605 1231 669 1273 quam
686 1217 779 1272 primum

63 1301 139 1351 posset,
161 1293 279 1352 Ptr'tr'ppos
300 1293 391 1344 mittere,
413 1307 456 1334 non
476 1293 579 1347 scripserit
596 1294 667 1335 τοῦτον
685 1290 722 1345 μὲν
742 1286 779 1334 οὖν

62 1368 151 1424 πέμψω,
165 1368 200 1410 sed
213 1370 288 1421 ἐλπίζω
302 1367 388 1423 πέμψαι.
414 1366 518 1409 Nimirum
529 1366 649 1422 Apostolus,
660 1365 700 1407 nisi
711 1366 778 1417 fallor,

64 1459 106 1486 una
121 1445 220 1486 sententia
239 1443 279 1485 duo
298 1442 471 1499 comprehendere
487 1442 564 1492 voluit,
585 1448 605 1483 et
619 1442 663 1497 spei
675 1456 735 1483 versu
751 1443 778 1484 19

63 1519 105 1561 iam
124 1519 244 1561 enunciatae
266 1520 418 1574 repetitionem,
439 1527 459 1560 et
479 1518 634 1574 promissionem
651 1517 704 1567 eius,
722 1516 779 1572 quod

64 1594 154 1636 facturus
171 1601 226 1642 erat,
240 1595 256 1635 si
269 1609 312 1650 spes
324 1593 350 1637 ad
364 1594 441 1636 exitum
452 1594 538 1637 veniret.
567 1593 640 1648 [toque
652 1606 721 1633 sensus
735 1606 779 1633 om-

65 1669 125 1711 tionis
140 1676 179 1711 est:
195 1668 261 1711 Hune
274 1671 357 1727 r'gr'trrr,
366 1675 484 1727 postquem
497 1683 572 1710 rernm
584 1681 682 1710 meorum
697 1668 779 1711 eertum

60 1758 209 1801 perspexero,
234 1743 292 1802 qood
309 1745 369 1785 breue?
387 1745 440 1800 sore
460 1759 534 1800 spero,
557 1743 672 1800 eorrfestr'm
691 1741 778 1799 quidem

65 1821 157 1862 otr'ttam.

89 2097 113 2143 (l)
129 2097 190 2130 bleliori
207 2097 252 2130 modo
267 2097 336 2130 Verbum
349 2106 499 2130 nnsrscurrmrnrs
511 2097 589 2140 explieat,
602 2108 650 2141 quom
662 2106 782 2130 somnosnrrrs

67 2167 83 2192 et
94 2169 170 2192 wruuus.
182 2163 246 2193 Praeter
258 2161 293 2193 Iorr.
302 2160 332 2192 IV:
344 2160 355 2191 5
367 2167 419 2192 aurem
430 2166 447 2192 et
458 2159 496 2191 alios
507 2158 549 2190 locos
560 2159 579 2191 nh
590 2171 607 2191 eo
619 2166 636 2191 et
647 2168 710 2190 snorum
722 2159 783 2191 sellul.

67 2223 150 2265 excitatos,
168 2222 204 2254 vide
221 2231 296 2254 uunoror.
314 2220 350 2254 Lib.
365 2223 393 2254 IV.
410 2232 445 2265 erp.
457 2223 485 2252 22.
500 2228 561 2252 rucrrr.
574 2220 782 2264 Opp.T0m.1.p.313,

67 2282 105 2314 item
122 2292 166 2316 cruri.
182 2283 460 2328 Ater.rrtrrr.art9mr.T0m.1.
474 2294 491 2326 p.
503 2283 533 2325 65,
555 2281 584 2314 ubi
595 2282 664 2316 Verbum
676 2282 695 2313 de
706 2292 743 2314 nero
755 2284 783 2314 r'rr-

68 2345 128 2376 tuendo
143 2353 232 2390 usurpetur.
256 2346 285 2379 Sed
300 2346 325 2379 his
344 2348 361 2379 in
378 2346 416 2378 locis
433 2351 469 2388 post
479 2356 495 2376 se
506 2342 554 2375 habet
565 2344 697 2388 Praepositionem
710 2345 737 2381 εἰς
749 2355 784 2376 eum

68 2406 167 2439 Accusativo.
189 2409 271 2440 Nonnullis
287 2407 350 2452 quidem
361 2408 379 2439 iu
390 2407 434 2438 libris
445 2417 474 2449 pro
485 2406 545 2439 ἀπίδω
557 2407 666 2448 scriptumest
678 2405 747 2448 ἀφίδω,
759 2412 785 2437 nt·

70 2477 101 2509 que
114 2465 197 2509 probatum
208 2481 217 2501 a
228 2479 337 2512 incursuro,
354 2468 382 2500 sod
393 2469 449 2500 vitium
461 2470 491 2500 oris
502 2467 531 2499 hoc
541 2468 619 2510 peperisse
630 2473 678 2510 puto,
690 2468 758 2500 Literam
770 2479 784 2500 π

70 2533 145 2571 tanquam
158 2542 169 2567 φ
182 2532 287 2564 ennueiautis.

94 2588 119 2633 (2)
131 2589 165 2621 Sibi
176 2592 209 2633 ipse
221 2593 314 2626 contradicit
326 2603 374 2635 rurs,
386 2605 428 2636 oum,
443 2591 494 2623 telem
506 2594 589 2631 commuto,
600 2590 642 2634 quorl
652 2590 690 2623 huie
697 2593 732 2624 roei
740 2603 786 2635 prae·

71 2653 139 2694 positum
151 2658 183 2687 est.
195 2654 318 2697 interpret-nur:
330 2668 376 2699 sporo
388 2664 413 2689 ruo
424 2655 523 2695 misero-ou,
536 2655 638 2696 sr'orulotqoo
651 2659 681 2685 eet.

653 2718 699 2757 rer·
