1650 2790
287 48 331 76 cnr.
346 34 362 75 1.
379 48 435 75 runs.
451 36 470 75 6.
708 29 734 70 at

24 167 36 209 ὁ
54 157 182 220 ἐναρξάμενος
199 157 291 199 homines
312 155 401 211 singulos
420 154 508 197 melioris
528 159 587 195 notae
601 157 703 208 spectare,
718 158 737 192 et

24 251 104 282 sensum
116 232 209 276 orationis
225 231 281 272 hunc
294 244 346 271 esse:
361 231 482 288 quicunque
495 235 589 272 oestrum
607 229 657 269 bene
672 229 733 268 iuce-

21 316 68 371 ραν,
87 310 215 355 Cluu'sta'uuo
234 307 318 348 dornone
333 305 400 363 degente
416 308 499 360 vivere,
512 311 592 363 perget
612 311 634 347 et
651 306 674 345 ν’νν
697 302 738 346 tue

23 392 68 430 nitu
88 387 228 444 Christiano,
244 383 294 425 adeo
311 390 421 440 repugnat,
441 388 460 422 ct
475 388 545 422 eontra
558 388 681 422 structuram
694 385 738 420 ora-

23 463 92 513 tionis,
113 461 189 518 quippe
209 474 261 515 quae
281 474 321 501 uon
339 457 442 518 Articulo,
459 454 494 497 sed
508 455 617 510 Participio
629 456 739 497 formulam

23 543 44 583 ἐν
57 539 105 594 ὑμῖν
119 536 230 578 subiectam
243 534 314 584 habet,
330 540 350 574 et
363 540 434 574 contra
446 532 501 573 locos
512 531 586 589 similes
602 534 611 570 1
626 530 677 574 Cor.
688 532 710 571 1:
725 533 738 572 4

23 628 66 670 sqq.
80 611 140 671 Epo.
153 611 175 652 I:
192 613 229 661 13,
247 611 281 650 14.
295 607 336 650 Col.
350 607 370 648 I.
384 610 397 648 9
411 620 455 662 sqq.
468 614 491 647 ut
504 606 596 647 miranda
610 605 739 648 commenda-

24 689 51 730 tio
71 688 106 739 sit,
126 701 167 743 qua
185 685 238 727 hane
259 683 376 738 opinionem
396 696 541 728 uurnnrcusrus
558 681 642 723 ornavit.
672 681 740 722 Fateri

25 763 107 820 quidem
122 776 164 803 non
179 773 260 809 recuso,
277 757 332 800 haud
347 772 393 800 raro
408 757 465 808 fieri,
481 764 504 797 ut
519 756 652 812 Participium
667 756 740 813 singu-

24 838 65 880 lare
81 843 101 877 et
115 834 251 877 mascidinum
267 847 315 874 oum
330 832 466 888 praecedente
479 832 573 873 Articulo
594 846 659 888 genus
676 830 741 887 quoda

25 911 72 954 dam
87 895 179 961 denotet3
201 908 236 950 sed
251 908 299 950 alibi
314 915 394 963 tamen,
411 908 442 949 uti
457 905 537 950 Jooun.
552 907 582 951 V:
599 910 633 949 32.
653 906 704 949 Gar.
721 908 740 948 t:

25 989 59 1029 23.
73 985 141 1027 fluor.
157 986 184 1026 X:
201 987 240 1032 23,
257 986 355 1033 δεικτικῶς
368 975 478 1038 usurpatur
493 982 519 1023 de
533 997 576 1024 αννο
588 983 701 1039 eodemque
711 981 742 1035 fi-

24 1064 69 1102 nito
84 1058 121 1117 (1)
138 1060 194 1101 Unus
209 1059 272 1115 igitur
287 1058 341 1100 Deus
357 1057 392 1099 hie
407 1056 512 1108 laudatur,
529 1064 549 1098 et
564 1056 648 1114 quidem
659 1063 742 1113 propter

25 1135 81 1194 ἔργον
93 1133 182 1191 ἀγαθον,
197 1133 252 1191 quod
267 1133 344 1189 incepit
358 1133 404 1183 ille,
420 1132 442 1174 id
458 1139 487 1174 est
502 1146 555 1190 optes
569 1133 657 1182 tortum,
672 1133 691 1174 ei
706 1146 742 1174 au-

26 1211 77 1253 ctori
94 1208 233 1251 tribuendum.
264 1210 394 1265 Quamquam
413 1214 482 1250 autem
497 1206 616 1264 Apostolus,
635 1206 676 1249 hoc
693 1222 744 1263 opus

25 1287 103 1328 bonum
122 1299 249 1334 memorans,
270 1283 306 1341 τήν
323 1284 426 1327 κοινωνίαν
444 1290 521 1339 spectat
540 1285 568 1333 εἰς
582 1282 606 1326 νδ
620 1282 744 1340 εὐαγγέλιον,

26 1368 96 1417 utpote
111 1376 123 1402 a
137 1360 179 1401 Deo
191 1358 333 1415 repetendam,
347 1359 384 1414 qui
400 1357 557 1417 Plu'lqopenses
574 1358 600 1400 ad
612 1373 696 1401 ounrsrr
712 1373 744 1400 so-

28 1437 121 1477 cietatem
142 1434 247 1490 perdunt,
272 1434 363 1489 loquitur
384 1440 453 1474 tamen
475 1433 597 1490 generatim,
624 1434 655 1474 uti
680 1433 744 1475 Rom.

27 1511 58 1552 tl:
81 1512 93 1550 7
117 1506 155 1567 (2)
185 1509 251 1552 Ceteri
271 1508 322 1562 loci,
345 1521 396 1564 quos
416 1507 508 1549 excitarit
523 1521 678 1559 uurunrcusrus,
694 1507 746 1550 hinc

28 1584 88 1627 alieni
111 1592 166 1626 sunt:
190 1583 224 1625 sed
246 1583 359 1638 comparari
382 1589 447 1637 potest
469 1582 547 1624 dictum
569 1582 635 1624 simile
656 1598 699 1625 insu
719 1583 744 1625 de

29 1675 95 1702 omnin
108 1659 190 1702 adoret.
207 1660 286 1704 XXVI:
305 1662 337 1701 10.
686 1657 691 1660 ’

58 1735 172 1777 Praeteritis
195 1734 324 1777 consideratis
346 1748 434 1782 annuus,
457 1733 507 1790 quid
529 1733 554 1774 de
575 1735 644 1775 futuro
667 1742 745 1790 speret,

29 1808 127 1864 praedicit
147 1810 208 1851 verbo
227 1808 344 1860 ἐπιτελέσαι,
364 1809 397 1850 cui
417 1807 525 1864 cogitando
540 1808 690 1851 subiiciendum
705 1824 747 1851 csse

30 1884 145 1925 Pronomeu
165 1883 226 1935 doni,
248 1884 335 1940 quisque
356 1891 427 1940 sponte
447 1883 528 1927 ridebit.
559 1885 628 1941 Ipsum
648 1886 745 1937 verbum,

32 1959 87 2015 quod
100 1974 247 2002 ruuooonnrus
259 1967 336 2001 temere
348 1959 491 2014 interpretatus
502 1967 531 2001 est
539 1957 615 2003 doctor
628 1959 747 2019 διατηρήσει,

31 2031 86 2075 haud
106 2033 277 2076 accommodatius
290 2033 316 2075 ad
334 2032 432 2089 loquendi
445 2048 506 2074 usum
520 2034 579 2076 reddi
593 2043 669 2091 potest,
686 2052 748 2093 quam

33 2227 107 2259 nusquam
126 2217 172 2247 etiam
192 2216 209 2246 in
226 2214 301 2256 singulari
318 2215 532 2258 t'torutturoostgnificar,
545 2217 576 2248 nisi
589 2218 600 2246 2
614 2215 651 2248 Cor.
665 2217 698 2248 IX:
711 2217 721 2247 8
733 2222 749 2247 et

33 2276 74 2308 sorte
84 2279 119 2310 uot.
132 2278 185 2318 1:10,
197 2276 225 2308 uhi
236 2276 336 2308 Adiectivum
343 2279 379 2310 πᾶν
391 2278 406 2309 ei
417 2278 515 2320 praemissum
529 2284 557 2308 est.
586 2278 616 2310 eff.
629 2279 690 2308 omnino
701 2278 748 2308 Rom.

34 2338 60 2370 u:
74 2340 101 2373 ιο,
114 2342 158 2382 αμα.
172 2341 203 2371 rr:
217 2340 245 2371 as.
340 2327 342 2330 ’

57 2398 82 2444 (t)
95 2401 119 2432 cf.
133 2409 204 2444 sicinus,
219 2400 247 2433 nd.
259 2409 347 2439 rrunununo
360 2413 376 2444 p.
390 2402 417 2431 19.

58 2459 83 2505 (2)
96 2462 202 2504 Disputatione
214 2447 236 2494 de
244 2474 290 2495 versu
302 2463 378 2505 superiori
391 2463 440 2493 otium
448 2461 492 2493 uobis
503 2463 567 2493 fceinrus
578 2462 604 2493 hic
615 2460 699 2494 refeilendi
706 2470 750 2494 rern-

36 2530 82 2562 cruu,
97 2530 225 2555 nosrnuuuunuu
237 2531 252 2555 et
263 2530 341 2568 quotquot
352 2523 403 2555 verbis
417 2524 469 2567 ἔργον
483 2523 556 2565 ἀγαθόν
570 2524 688 2556 liberalitatem
701 2523 749 2556 deno-

37 2585 67 2614 tari
79 2590 140 2626 putant.
155 2585 184 2616 Cff.
196 2594 295 2617 unrrnrusrns
307 2585 351 2617 adh.
364 2586 376 2617 Ι,
390 2592 406 2616 et
418 2594 469 2616 oraru
481 2595 534 2625 opauco.
548 2586 600 2617 deod.
614 2587 652 2617 coll.
667 2598 676 2616 u
689 2594 751 2617 susurn-

37 2651 62 2673 nro
74 2655 91 2687 p.
102 2646 134 2676 aot
146 2656 180 2687 sqq.
