1650 2790
259 51 303 79 oar.
320 35 336 79 l.
352 53 408 80 rurs.
427 42 460 89 lo,
479 40 511 80 17.
717 42 758 81 te

30 174 74 216 aut,
92 157 108 205 si
116 170 160 217 'pro
176 160 276 218 ἐπιφέρειν
291 159 385 202 substitui
404 160 464 203 dehet
482 163 571 219 ἐγείρειν,
587 176 610 203 se
626 161 683 203 mz'lrz'
698 164 747 202 oru-

30 242 85 285 culz's
102 252 204 296 oppresso
218 251 344 279 aerumnam
359 238 499 281 excitaturos.
530 239 598 295 Atque
614 236 654 278 hoo
666 236 745 291 ipsum,

31 319 47 359 si
63 314 166 371 superiora
184 312 223 368 οὐχ
241 313 305 368 ἁγναῖς
323 312 377 354 hene
394 314 481 369 exposita
497 320 554 364 sunt,
575 328 617 355 non
635 312 661 354 de
676 310 746 353 homi-

30 393 89 435 nihus
109 388 232 432 sumendum
252 395 291 440 est,
313 389 349 445 qui
369 389 533 445 superstitionem
553 388 677 429 Iudaeorum
697 401 746 429 cum

30 467 122 509 doctrina
137 465 249 508 Christiana
269 465 416 516 confuderunt3
434 464 469 506 sed
485 463 511 505 de
526 463 640 504 lactionum
655 463 748 505 auctori-

30 544 78 592 bus,
96 541 132 597 qui
148 540 225 583 animos
241 541 304 583 Paulo
321 540 453 581 detraxerunt
468 539 554 595 viroque
568 538 643 578 misere
658 537 699 579 iam
714 539 748 579 af-

30 618 85 659 flicto
104 616 258 659 acerbissimum
277 615 370 656 dolorem
389 601 520 669 pepererunt¹
550 613 620 654 Altera
635 613 747 654 sentcntiae

30 707 86 748 pars,
108 694 124 734 si
144 693 242 742 diximus,
259 698 304 746 post
324 690 386 731 verba
405 689 424 731 οἱ
440 690 463 731 δὲ
479 691 501 739 ἐξ
515 686 593 745 ιῖγιίιιιγς
608 703 632 730 er
648 688 748 743 superiori

29 783 88 809 versu
100 767 209 822 repetenda
223 781 265 808 esse
277 765 311 810 ιόν
324 764 414 821 Χριστόν
427 765 601 822 καταγγέλλουσιν,
614 764 665 805 nilril
675 763 747 814 hahet,

31 843 86 898 quod
99 842 163 883 labori
180 856 222 882 esse
237 841 309 896 possit,
323 848 404 896 praeter
418 855 485 882 unum
501 840 587 881 verbum
602 844 673 892 reluat.
701 839 748 880 rte-

31 918 89 972 rique
109 916 171 966 illnd,
192 924 304 970 praeeunte
325 931 416 966 cronio,
436 917 598 971 interpretantur
608 916 699 972 positus
715 916 749 955 rel

31 992 153 1033 destinatus
173 1006 234 1033 curn:
255 991 310 1046 quod
331 1006 399 1033 uenus
418 992 479 1033 etiam
499 991 586 1047 probare
603 998 689 1032 conatur
708 988 748 1048 (1).

30 1069 54 1108 Et
70 1066 160 1109 concedo
172 1066 278 1117 lubenter,
293 1066 342 1108 huic
354 1066 517 1121 interpretationi
528 1065 591 1106 fidem
604 1066 671 1107 facere
683 1064 748 1107 videri
796 1077 798 1080 ’

31 1141 203 1197 comparationem
216 1141 309 1183 locorum
321 1142 373 1184 Luc.
386 1142 416 1182 ll:
430 1143 465 1183 34.
484 1143 494 1180 1
510 1139 585 1182 Thess,
599 1140 639 1181 Ill:
657 1143 676 1182 3.
707 1140 748 1182 Sed

30 1223 151 1268 menaeus,
162 1231 259 1267 PALMIUS,
272 1231 419 1267 rrarrurssius,
431 1216 465 1258 alii
478 1214 508 1273 (2)
518 1216 571 1257 riom
579 1223 718 1257 monstrarunt
725 1216 748 1257 in

18 1300 121 1352 ⁴mentem
145 1293 232 1333 auctoris
255 1290 535 1348 penitiusintrospiciendi]
557 1291 665 1347 Disputare
684 1291 749 1347 igitur

30 1367 89 1416 nolo,
106 1382 132 1408 an
147 1366 178 1407 his
193 1367 216 1407 in
229 1367 278 1408 locis
290 1367 376 1409 verbum
388 1372 454 1421 κεῖμαι
466 1382 536 1408 revera
548 1367 649 1424 significet
659 1369 749 1425 positus

31 1442 62 1482 vel
81 1441 204 1483 destinatus
223 1457 281 1491 ιιιιιι,
301 1456 427 1498 quamquam
449 1441 602 1483 contradicendi
621 1457 664 1483 non
683 1441 749 1483 omnis

31 1516 86 1558 deest
108 1531 173 1559 ceusu.
207 1517 258 1559 Satis
277 1516 329 1558 mihi
349 1525 389 1568 est,
409 1516 524 1573 saepissime
540 1516 645 1573 propriam
663 1517 751 1559 iacendi

31 1593 135 1634 notionem
151 1592 290 1643 retinendam,
308 1600 338 1643 et,
357 1594 373 1635 si
389 1607 420 1633 res
434 1594 557 1649 proponitur
571 1593 664 1645 aduersa,
684 1593 750 1649 expli-

32 1667 118 1710 candam
139 1683 181 1710 esse
201 1668 226 1710 de
244 1669 335 1710 incendo
355 1671 378 1710 ιἰι
398 1670 518 1711 conditione
537 1672 620 1712 mirera
637 1667 675 1727 (3)
706 1670 750 1711 Iam

33 1744 123 1784 oratione
143 1758 203 1784 raom
223 1745 245 1785 in
263 1744 371 1786 consilium
391 1752 471 1795 vocata,
488 1744 528 1786 hoc
543 1744 574 1785 illi
592 1745 750 1801 praeferendum

33 1832 74 1858 esse
97 1817 274 1873 deprehendimus.
311 1819 364 1862 Talis
386 1820 442 1861 enim
464 1827 561 1877 tantoque
582 1821 636 1862 inter
658 1821 751 1862 membra

32 1893 143 1947 posteriora
160 1893 220 1935 huius
236 1895 343 1951 utriusque
359 1910 428 1936 uersus
446 1895 574 1938 necessitudo
590 1895 709 1946 intercedit,
727 1902 751 1936 ut

33 1966 94 2009 dictio
113 1966 196 2020 εἰδότες,
216 1964 246 2012 ὅτι
265 1971 291 2019 εἰς
311 1969 418 2025 ιίιιολογιάν
437 1973 474 2013 τοῦ
494 1970 605 2027 εὐαγγελίου
625 1976 691 2025 κεῖμαι
712 1971 752 2013 sihi

31 2041 220 2098 interpretationem
238 2044 340 2099 postulare
356 2044 459 2095 videatur,
473 2059 514 2101 qua
532 2045 624 2100 Apostoli
638 2047 714 2087 tristis
731 2054 751 2088 et

33 2117 115 2173 afflicta
129 2118 151 2160 in
166 2119 213 2160 luce
230 2119 340 2161 collocetur
355 2119 457 2162 conditio.
483 2121 508 2162 Et
522 2128 568 2162 tum
580 2121 664 2163 demum
679 2136 712 2174 ea,
727 2128 751 2163 ut

33 2201 122 2246 oportet,
138 2209 187 2236 cum
202 2195 295 2250 proxime
311 2195 479 2251 praecedentibus
495 2196 549 2237 hene
565 2196 666 2239 cohaeret.
691 2196 751 2239 Haud

33 2267 105 2323 ignoro
117 2270 212 2325 quidem,
226 2270 376 2314 cohaerentiam
389 2286 472 2329 quoque
486 2271 569 2323 induci,
583 2273 599 2313 si
612 2287 685 2315 vocem
699 2270 751 2315 ιιίιο-

57 2408 81 2452 (1)
94 2412 167 2445 Dissert.
179 2415 237 2446 leeol.
250 2419 267 2445 et
280 2415 326 2446 rhu.
338 2414 374 2445 Vol.
386 2415 400 2446 l.
411 2425 427 2457 p.
442 2416 473 2446 137
487 2424 522 2458 sqq.

56 2470 80 2515 (2)
92 2472 750 2519 Cs.rur.s1muus,TlreEpr'st.ofPunltlreAptrunsl.aoithoneuposz'tundnotes.

56 2531 80 2577 (3)
92 2534 134 2566 Luc.
144 2535 183 2567 llll:
195 2538 222 2569 19.
233 2540 268 2571 Ios.
278 2538 336 2570 tveo
348 2539 401 2570 Eoum.
409 2539 470 2572 Flroon.
480 2549 505 2569 vs.
515 2538 566 2569 1666.
577 2538 670 2569 Hunoomu.
681 2536 716 2570 Lib.
727 2539 750 2570 II.

33 2606 66 2638 cap.
79 2598 95 2629 1.
106 2596 115 2639 d
128 2597 156 2631 19.
169 2599 187 2629 t.
201 2598 237 2632 vu.
250 2611 283 2643 cap.
295 2603 312 2632 fi.
323 2600 333 2643 d
345 2603 372 2633 15,
385 2602 450 2633 tunm
463 2602 503 2643 Opp.
517 2599 558 2632 Tom.
570 2600 583 2632 Ι.
596 2610 613 2642 p.
625 2600 667 2633 311.
683 2599 751 2631 Trosio.

33 2656 67 2688 ub.
80 2660 93 2690 1.
106 2670 140 2701 cap.
153 2662 180 2691 ra.
191 2660 251 2705 rino,
264 2664 284 2693 n
296 2665 367 2706 αιγιιι.
379 2663 413 2695 ub.
424 2663 452 2696 iv.
464 2674 480 2705 p.
491 2664 529 2696 αι,
541 2652 751 2693 cr.snn1nen.at.u.r.
