1650 2790
103 76 128 113 32
365 85 408 111 ιιι.
425 72 440 111 l.
457 85 512 111 runs.
532 73 549 111 1,

102 197 159 247 Quae
179 194 238 234 rerba
258 206 355 234 sromuus
372 193 517 249 iuterpretatur
533 194 641 247 orandus,
663 209 749 235 cumsro
770 209 812 235 mut

103 272 185 322 sacris,
203 268 387 326 Philippensibus.
412 270 452 311 Sed
466 270 496 311 uti
510 269 558 310 lmic
572 269 733 324 interpretationi
746 270 813 311 miuus

104 345 154 386 foret
161 343 232 398 positio
241 343 349 384 verborum
361 345 382 385 ἐν
389 345 501 395 Φιλίτιιοιςς
511 344 538 385 sic
546 359 568 385 ea
575 344 699 385 nititurfalsa
711 345 811 399 opinione,

106 420 163 460 rerba
174 418 235 474 ἁγίοις
244 420 265 461 ἒν
273 420 357 477 Χριστῷ
365 418 462 459 sumenda
476 433 518 459 esse
528 434 564 473 pro
575 420 635 474 σῖγίοις
644 423 731 478 Χριστῷ.
746 420 814 472 Quare

47 511 48 515 ¹
104 494 145 534 sine
164 508 223 535 eausa
241 492 320 535 dubitat
332 508 429 542 ruamus,
446 501 515 533 utrrun
531 493 653 548 Praepositio
664 496 685 536 ἐι
699 493 732 535 hic
748 493 814 535 Boti-

103 583 150 609 ιιιιιιι
163 568 255 619 denotet,
270 584 295 609 au
307 569 360 610 idem
375 569 438 610 valcat
453 583 475 609 ac
492 564 532 609 d'rd·
555 568 581 608 At
594 567 643 618 hoc,
659 583 782 625 qumnquam
795 577 815 608 ct

104 658 248 686 nnuruwauuo
265 644 342 697 placet,
363 643 418 684 haud
436 659 492 685 secus
512 657 573 699 qumi
589 643 640 684 illud
658 644 814 699 improbandum

106 727 140 761 est.
171 718 271 760 Ninnium
285 719 361 759 etiamsi
379 718 514 760 concedamus
528 719 582 759 locos
599 734 650 768 csse,
666 719 701 760 ubi
715 719 816 760 Particnla

106 798 138 846 ἓν,
158 802 192 835 aut
212 808 249 847 pro
273 792 307 835 tut
324 792 387 848 posita
407 793 441 843 sit,
463 801 497 834 aut
513 792 592 834 Darae
605 794 645 834 rim
661 793 742 844 holteat3
756 808 817 834 nemo

108 878 174 910 [anien
188 866 364 917 demonstraverit,
377 867 486 908 formulam
500 866 591 917 dicendi,
608 882 660 923 (luae
670 867 704 909 hle
718 875 817 915 occurrat,

106 944 217 999 postulare,
235 950 257 983 ut
272 944 367 983 alterutra
381 942 436 982 notio
454 941 499 983 roci
514 942 543 982 illi
559 942 663 983 tribuatur
694 943 759 983 Immo
774 957 818 983 seu-

108 1019 201 1068 tentiam,
215 1018 275 1059 rerba
286 1018 347 1073 οἷγίοις
356 1019 377 1060 ἔν
385 1021 469 1077 Χριστῷ
483 1025 502 1059 et
516 1019 577 1073 ιίγιοις
589 1018 623 1061 διο)
632 1021 722 1074 Χριστοῦ
734 1018 756 1058 iu
764 1019 819 1059 Novo

107 1096 234 1134 Testamento
246 1093 368 1147 permutari,
380 1101 399 1134 ct
410 1093 477 1144 nulla,
487 1102 586 1148 quantum
594 1094 651 1143 nori,
663 1094 754 1148 exempla
764 1108 819 1135 com-

107 1168 215 1218 mendant,
233 1175 252 1208 et
272 1168 427 1223 improbabilem
440 1169 517 1210 faciunt
535 1169 573 1209 loci
591 1169 675 1218 similes,
692 1169 721 1209 uti
738 1171 747 1209 1
768 1168 818 1212 Cor.

108 1245 127 1284 l:
143 1246 163 1285 2.
184 1243 278 1284 Alterum
294 1250 362 1283 auem
375 1242 436 1297 ἁγίοις
450 1246 543 1302 Χριστῷ,
559 1251 580 1283 ut
594 1258 694 1298 nusquam
707 1258 740 1283 me
752 1244 820 1300 legere

109 1318 206 1368 memini,
223 1318 254 1359 ita'
268 1332 294 1358 nc
306 1317 367 1358 scribi
380 1317 463 1372 quidem
477 1318 565 1373 potuisse
579 1326 636 1372 puto.
666 1319 718 1359 Nam
735 1319 769 1359 ubi
785 1319 821 1359 ho-

109 1394 173 1434 mines
192 1389 242 1448 ἱίγιοι
260 1400 366 1440 vocantur,
386 1407 422 1446 per
439 1392 622 1447 breviloquentiam
635 1393 662 1434 sic
675 1393 771 1435 dicuutur
784 1409 821 1449 pro

108 1465 158 1524 ἅγιοι
176 1471 222 1527 Θεῷ
236 1468 268 1509 rel
282 1471 311 1528 τῷ
327 1470 382 1527 Θεῷ,
401 1475 424 1508 ut
441 1483 465 1509 ex
486 1467 547 1509 Rom
569 1469 618 1509 Xll:
637 1472 656 1516 l,
671 1469 754 1527 Epdes
769 1470 788 1510 I:
808 1472 820 1509 l

109 1543 154 1585 coll.
169 1546 178 1583 1
194 1550 213 1582 et
226 1541 308 1583 aliunde
321 1541 460 1597 intelligimus.
477 1541 530 1583 Hinc
542 1558 588 1583 roro
601 1543 702 1599 sequitur,
710 1543 820 1591 Dntz'oam,

71 1641 73 1645 Α
110 1633 157 1659 eum
171 1619 213 1659 inm
228 1616 330 1658 indicetur
346 1616 429 1658 nomine
447 1615 508 1673 ῐίγιοι,
522 1633 563 1659 nou
579 1619 665 1673 aruplius
683 1618 821 1674 quaerendum

111 1688 153 1733 eise
167 1693 190 1734 in
204 1691 286 1733 adiectis
299 1693 320 1734 ἓν
334 1695 423 1751 Χριστῷ.
447 1694 471 1733 Et
484 1707 531 1734 sanc
544 1692 594 1733 nihil
607 1692 676 1734 intuli
689 1694 778 1735 oratione
787 1702 822 1741 cst,

111 1768 166 1823 quod
173 1768 278 1824 vulgarem
286 1767 390 1809 notionem
395 1768 548 1823 Praepositiouis
557 1771 578 1811 ἐγ
587 1769 679 1810 deserere
686 1769 761 1811 iubeat.
772 1770 823 1811 Gon-

112 1852 141 1884 tra
161 1857 207 1884 vero
225 1857 248 1883 ea
266 1842 291 1883 ad
308 1847 402 1893 arctam,
423 1857 484 1899 [ruam
504 1844 552 1898 quis
569 1859 614 1885 cnm
631 1858 719 1885 cruusro
737 1843 822 1892 haheat,

112 1918 288 1960 neccssz'tndmcm
310 1917 463 1974 significandam
487 1918 592 1960 retinenda
613 1926 650 1968 cst,
674 1926 697 1959 ut
716 1927 760 1974 post
777 1919 824 1960 alios

113 2001 166 2034 rcctc
182 1992 262 2033 monuit
277 2008 416 2034 amrrmusrus.
448 1995 519 2049 ltaque
534 1994 594 2035 rerba
610 1999 659 2037 πᾶσι
674 2000 715 2044 τοῖς
727 1995 790 2050 Ιιιῖγίοις
804 1997 821 2037 e

113 2072 196 2127 Χριστῷ
207 2068 271 2124 Ἰησοῦ
285 2068 313 2109 sic
327 2069 461 2123 explicaums:
478 2070 583 2119 οιιιιιιίιιισ,
599 2073 637 2126 qai
644 2069 690 2111 Boo
705 2076 824 2112 consecrata

112 2150 163 2186 stott
178 2142 344 2195 necessitudine,
362 2159 415 2200 quoe
431 2147 488 2186 inter
504 2158 538 2185 eos
555 2150 575 2185 ct
587 2159 691 2185 cnarsruu
702 2145 824 2187 iratercedz'l.

112 2219 185 2272 Quod,
206 2232 254 2259 oum
274 2217 298 2258 de
315 2218 463 2259 necessitudine
476 2219 528 2259 inter
544 2220 614 2275 ι’γισιιιιι
631 2233 736 2260 cunrsruu
749 2228 768 2261 et
785 2220 824 2261 eiu„

115 2303 221 2338 sectatores
237 2293 378 2348 accipiendum
391 2294 426 2343 sit,
443 2294 501 2335 valde
517 2294 577 2334 etiam
592 2294 657 2335 diflert
671 2294 696 2335 al]
707 2295 817 2349 interpreta

115 2372 169 2412 tione
188 2384 316 2411 uurnnreusu
332 2376 351 2410 et
366 2369 462 2410 aliorum:
484 2371 522 2426 qni
540 2369 660 2410 doctrz'unm
679 2369 825 2412 Οίιιιόίιίιιιιιιι

113 2447 250 2504 profitentur,
282 2445 306 2484 Hi
323 2452 390 2485 autem
407 2460 448 2485 uon
461 2445 526 2485 solum
540 2443 763 2500 reprehendemlisuut,
773 2462 819 2502 quor

115 2523 182 2577 ipsum
197 2535 302 2562 curusruu
317 2534 365 2562 enm
379 2519 420 2561 cius
438 2519 565 2562 confundunt
585 2519 687 2571 doctrina,
705 2521 738 2563 sed
757 2522 817 2563 ctiam

115 2597 170 2654 quod
186 2597 247 2638 rerba
267 2599 288 2639 ἓν
306 2599 389 2655 Χριστῷ
409 2597 499 2638 referrurt
514 2595 539 2637 ad
555 2596 697 2652 Partieipium,
714 2605 737 2638 ut
753 2605 823 2639 temen

114 2681 196 2729 putant,
218 2673 312 2715 omissum
328 2669 394 2724 οὖσιν,
408 2688 449 2715 ιιοιι
465 2686 511 2714 iero
525 2671 549 2713 ad
565 2687 639 2714 nomen
653 2672 724 2727 σῖγίοις,
739 2687 821 2728 quocun
