<?xml version="1.0" encoding="UTF-8"?>
<!DOCTYPE html PUBLIC "-//W3C//DTD XHTML 1.0 Transitional//EN"
    "http://www.w3.org/TR/xhtml1/DTD/xhtml1-transitional.dtd">
<html xmlns="http://www.w3.org/1999/xhtml" xml:lang="en" lang="en">
 <head>
  <title>
</title>
<meta http-equiv="Content-Type" content="text/html;charset=utf-8" />
  <meta name='ocr-system' content='tesseract 3.04.00' />
  <meta name='ocr-capabilities' content='ocr_page ocr_carea ocr_par ocr_line ocrx_word'/>
</head>
<body>
  <div class='ocr_page' id='page_1' title='image "./MN41518ucmf_1_0328.png"; bbox 0 0 1650 2790; ppageno 0'>
   <div class='ocr_carea' id='block_1_1' title="bbox 103 31 599 96">
    <p class='ocr_par' dir='ltr' id='par_1_1' title="bbox 103 31 599 96">
     <span class='ocr_line' id='line_1_1' title="bbox 103 31 599 96; baseline 0.002 -4"><span class='ocrx_word' id='word_1_1' title='bbox 103 55 145 92; x_wconf 77' lang='lat' dir='ltr'>:roo</span> <span class='ocrx_word' id='word_1_2' title='bbox 329 64 372 92; x_wconf 65' lang='lat' dir='ltr'>cip.</span> <span class='ocrx_word' id='word_1_3' title='bbox 389 51 423 94; x_wconf 76' lang='lat' dir='ltr'>rr.</span> <span class='ocrx_word' id='word_1_4' title='bbox 439 64 495 92; x_wconf 43' lang='lat' dir='ltr'>viis,</span> <span class='ocrx_word' id='word_1_5' title='bbox 514 31 547 96; x_wconf 76' lang='lat' dir='ltr'>ir,</span> <span class='ocrx_word' id='word_1_6' title='bbox 567 53 599 93; x_wconf 75' lang='lat'>12.</span> 
     </span>
    </p>
   </div>
   <div class='ocr_carea' id='block_1_2' title="bbox 99 171 812 1886">
    <p class='ocr_par' dir='ltr' id='par_1_2' title="bbox 99 171 812 1886">
     <span class='ocr_line' id='line_1_2' title="bbox 102 171 806 231; baseline -0.004 -14"><span class='ocrx_word' id='word_1_7' title='bbox 102 191 147 217; x_wconf 82' lang='lat' dir='ltr'>sum</span> <span class='ocrx_word' id='word_1_8' title='bbox 167 189 208 216; x_wconf 86' lang='lat' dir='ltr'>esse</span> <span class='ocrx_word' id='word_1_9' title='bbox 229 181 298 215; x_wconf 87' lang='lat' dir='ltr'>mouet</span> <span class='ocrx_word' id='word_1_10' title='bbox 316 172 406 231; x_wconf 73' lang='grc' dir='ltr'><em>χρήμασι</em></span> <span class='ocrx_word' id='word_1_11' title='bbox 426 175 457 216; x_wconf 88' lang='lat' dir='ltr'>rel</span> <span class='ocrx_word' id='word_1_12' title='bbox 476 171 572 231; x_wconf 80' lang='grc' dir='ltr'><em>κτήμασι,</em></span> <span class='ocrx_word' id='word_1_13' title='bbox 586 174 670 229; x_wconf 84' lang='lat' dir='ltr'>Eliipsin</span> <span class='ocrx_word' id='word_1_14' title='bbox 684 175 755 231; x_wconf 81' lang='lat' dir='ltr'>tingit,</span> <span class='ocrx_word' id='word_1_15' title='bbox 772 176 806 216; x_wconf 78' lang='lat' dir='ltr'>ubi</span> 
     </span>
     <span class='ocr_line' id='line_1_3' title="bbox 103 249 808 311; baseline -0.003 -19"><span class='ocrx_word' id='word_1_16' title='bbox 103 251 164 292; x_wconf 87' lang='lat' dir='ltr'>oratio</span> <span class='ocrx_word' id='word_1_17' title='bbox 177 249 236 304; x_wconf 81' lang='lat' dir='ltr'>plenu</span> <span class='ocrx_word' id='word_1_18' title='bbox 254 257 293 299; x_wconf 89' lang='lat' dir='ltr'>est,</span> <span class='ocrx_word' id='word_1_19' title='bbox 308 257 331 289; x_wconf 89' lang='lat' dir='ltr'>ut</span> <span class='ocrx_word' id='word_1_20' title='bbox 345 250 361 290; x_wconf 87' lang='lat' dir='ltr'>si</span> <span class='ocrx_word' id='word_1_21' title='bbox 374 249 396 290; x_wconf 88' lang='lat' dir='ltr'>in</span> <span class='ocrx_word' id='word_1_22' title='bbox 409 264 501 311; x_wconf 88' lang='lat' dir='ltr'>sermone</span> <span class='ocrx_word' id='word_1_23' title='bbox 514 250 622 292; x_wconf 84' lang='lat' dir='ltr'>vernaculo</span> <span class='ocrx_word' id='word_1_24' title='bbox 636 264 684 291; x_wconf 88' lang='lat' dir='ltr'>cum</span> <span class='ocrx_word' id='word_1_25' title='bbox 695 250 808 305; x_wconf 78' lang='lat' dir='ltr'>interprete</span> 
     </span>
     <span class='ocr_line' id='line_1_4' title="bbox 101 323 808 382; baseline 0.004 -16"><span class='ocrx_word' id='word_1_26' title='bbox 101 333 169 366; x_wconf 86' lang='lat' dir='ltr'>nostro</span> <span class='ocrx_word' id='word_1_27' title='bbox 182 325 299 366; x_wconf 80' lang='lat' dir='ltr'>scribimus:</span> <span class='ocrx_word' id='word_1_28' title='bbox 316 326 338 364; x_wconf 82' lang='lat' dir='ltr'>io</span> <span class='ocrx_word' id='word_1_29' title='bbox 350 326 438 382; x_wconf 69' lang='lat' dir='ltr'>heigone</span> <span class='ocrx_word' id='word_1_30' title='bbox 452 326 475 366; x_wconf 75' lang='lat' dir='ltr'>it</span> <span class='ocrx_word' id='word_1_31' title='bbox 485 328 529 368; x_wconf 78' lang='lat' dir='ltr'>ben.</span> <span class='ocrx_word' id='word_1_32' title='bbox 559 326 607 368; x_wconf 86' lang='lat' dir='ltr'>Vim</span> <span class='ocrx_word' id='word_1_33' title='bbox 619 326 745 367; x_wconf 88' lang='lat' dir='ltr'>Pronominis</span> <span class='ocrx_word' id='word_1_34' title='bbox 756 323 795 381; x_wconf 73' lang='grc' dir='ltr'>ἐγώ</span> <span class='ocrx_word' id='word_1_35' title='bbox 802 359 808 376; x_wconf 82' lang='lat'>,</span> 
     </span>
     <span class='ocr_line' id='line_1_5' title="bbox 101 400 808 457; baseline -0.003 -15"><span class='ocrx_word' id='word_1_36' title='bbox 101 416 142 456; x_wconf 87' lang='lat' dir='ltr'>qua</span> <span class='ocrx_word' id='word_1_37' title='bbox 157 415 177 441; x_wconf 91' lang='lat' dir='ltr'>se</span> <span class='ocrx_word' id='word_1_38' title='bbox 192 408 268 442; x_wconf 75' lang='lat' dir='ltr'>ruerus</span> <span class='ocrx_word' id='word_1_39' title='bbox 283 400 309 441; x_wconf 89' lang='lat' dir='ltr'>ab</span> <span class='ocrx_word' id='word_1_40' title='bbox 321 400 364 441; x_wconf 78' lang='lat' dir='ltr'>aliis</span> <span class='ocrx_word' id='word_1_41' title='bbox 377 400 494 457; x_wconf 72' lang='lat' dir='ltr'>distinguit,</span> <span class='ocrx_word' id='word_1_42' title='bbox 510 415 621 444; x_wconf 75' lang='lat' dir='ltr'>irruemus</span> <span class='ocrx_word' id='word_1_43' title='bbox 636 415 689 442; x_wconf 91' lang='lat' dir='ltr'>unus</span> <span class='ocrx_word' id='word_1_44' title='bbox 705 401 726 441; x_wconf 91' lang='lat' dir='ltr'>in</span> <span class='ocrx_word' id='word_1_45' title='bbox 740 401 808 456; x_wconf 66' lang='lat' dir='ltr'>[raucis</span> 
     </span>
     <span class='ocr_line' id='line_1_6' title="bbox 102 475 810 532; baseline -0.001 -15"><span class='ocrx_word' id='word_1_46' title='bbox 102 484 141 524; x_wconf 88' lang='lat' dir='ltr'>est,</span> <span class='ocrx_word' id='word_1_47' title='bbox 162 475 198 531; x_wconf 90' lang='lat' dir='ltr'>qui</span> <span class='ocrx_word' id='word_1_48' title='bbox 215 475 405 518; x_wconf 77' lang='lat' dir='ltr'>animadvertermrt.</span> <span class='ocrx_word' id='word_1_49' title='bbox 435 476 482 518; x_wconf 84' lang='lat' dir='ltr'>Eius</span> <span class='ocrx_word' id='word_1_50' title='bbox 499 492 546 518; x_wconf 85' lang='lat' dir='ltr'>vero</span> <span class='ocrx_word' id='word_1_51' title='bbox 562 477 671 519; x_wconf 80' lang='lat' dir='ltr'>observatio</span> <span class='ocrx_word' id='word_1_52' title='bbox 687 491 810 532; x_wconf 82' lang='lat' dir='ltr'>magnopere</span> 
     </span>
     <span class='ocr_line' id='line_1_7' title="bbox 101 551 810 607; baseline 0.004 -16"><span class='ocrx_word' id='word_1_53' title='bbox 101 552 179 592; x_wconf 83' lang='lat' dir='ltr'>confert</span> <span class='ocrx_word' id='word_1_54' title='bbox 194 551 219 592; x_wconf 84' lang='lat' dir='ltr'>ad</span> <span class='ocrx_word' id='word_1_55' title='bbox 232 551 371 607; x_wconf 82' lang='lat' dir='ltr'>quaestionem</span> <span class='ocrx_word' id='word_1_56' title='bbox 384 551 528 603; x_wconf 75' lang='lat' dir='ltr'>dirimendam,</span> <span class='ocrx_word' id='word_1_57' title='bbox 543 552 645 607; x_wconf 89' lang='lat' dir='ltr'>quomodo</span> <span class='ocrx_word' id='word_1_58' title='bbox 658 552 749 596; x_wconf 79' lang='lat' dir='ltr'>Verbum</span> <span class='ocrx_word' id='word_1_59' title='bbox 761 551 810 604; x_wconf 74' lang='grc' dir='ltr'><em>ἔμα-</em></span> 
     </span>
     <span class='ocr_line' id='line_1_8' title="bbox 100 626 810 685; baseline 0 -18"><span class='ocrx_word' id='word_1_60' title='bbox 100 632 140 668; x_wconf 64' lang='grc' dir='ltr'>θον</span> <span class='ocrx_word' id='word_1_61' title='bbox 153 626 218 680; x_wconf 79' lang='lat' dir='ltr'>accipi</span> <span class='ocrx_word' id='word_1_62' title='bbox 238 626 315 668; x_wconf 88' lang='lat' dir='ltr'>debeat.</span> <span class='ocrx_word' id='word_1_63' title='bbox 347 627 507 670; x_wconf 80' lang='lat' dir='ltr'>Gunrsosrorrus</span> <span class='ocrx_word' id='word_1_64' title='bbox 521 642 595 682; x_wconf 83' lang='lat' dir='ltr'>nempe</span> <span class='ocrx_word' id='word_1_65' title='bbox 609 627 708 669; x_wconf 85' lang='lat' dir='ltr'>scribens:</span> <span class='ocrx_word' id='word_1_66' title='bbox 724 626 763 685; x_wconf 73' lang='grc' dir='ltr'>ἄρα</span> <span class='ocrx_word' id='word_1_67' title='bbox 780 629 810 668; x_wconf 80' lang='grc' dir='ltr'>δι-</span> 
     </span>
     <span class='ocr_line' id='line_1_9' title="bbox 101 702 809 760; baseline 0 -17"><span class='ocrx_word' id='word_1_68' title='bbox 101 703 209 751; x_wconf 69' lang='grc' dir='ltr'><em>δασκαλίας</em></span> <span class='ocrx_word' id='word_1_69' title='bbox 222 704 264 745; x_wconf 76' lang='grc' dir='ltr'><em>ἐστὶ</em></span> <span class='ocrx_word' id='word_1_70' title='bbox 277 720 299 745; x_wconf 88' lang='grc' dir='ltr'>το</span> <span class='ocrx_word' id='word_1_71' title='bbox 313 707 407 760; x_wconf 81' lang='grc' dir='ltr'><em>πρᾶγμα,</em></span> <span class='ocrx_word' id='word_1_72' title='bbox 421 704 454 745; x_wconf 73' lang='grc' dir='ltr'>ναὶ</span> <span class='ocrx_word' id='word_1_73' title='bbox 466 704 586 758; x_wconf 79' lang='grc' dir='ltr'><strong><em>γυμνασίας,</em></strong></span> <span class='ocrx_word' id='word_1_74' title='bbox 600 705 633 746; x_wconf 82' lang='grc' dir='ltr'>καὶ</span> <span class='ocrx_word' id='word_1_75' title='bbox 646 702 739 759; x_wconf 70' lang='grc' dir='ltr'>μελέτης,</span> <span class='ocrx_word' id='word_1_76' title='bbox 756 705 809 758; x_wconf 78' lang='lat' dir='ltr'>Apo</span> 
     </span>
     <span class='ocr_line' id='line_1_10' title="bbox 99 777 809 835; baseline 0 -17"><span class='ocrx_word' id='word_1_77' title='bbox 99 779 173 819; x_wconf 80' lang='lat' dir='ltr'>stolum</span> <span class='ocrx_word' id='word_1_78' title='bbox 196 777 298 819; x_wconf 88' lang='lat' dir='ltr'>dicentem</span> <span class='ocrx_word' id='word_1_79' title='bbox 320 779 379 828; x_wconf 78' lang='lat' dir='ltr'>iacit,</span> <span class='ocrx_word' id='word_1_80' title='bbox 404 794 423 820; x_wconf 87' lang='lat' dir='ltr'>so</span> <span class='ocrx_word' id='word_1_81' title='bbox 446 777 538 819; x_wconf 81' lang='lat' dir='ltr'>didicisse</span> <span class='ocrx_word' id='word_1_82' title='bbox 555 781 698 835; x_wconf 61' lang='lat' dir='ltr'>experientes.</span> <span class='ocrx_word' id='word_1_83' title='bbox 736 779 809 821; x_wconf 75' lang='lat' dir='ltr'>Contra</span> 
     </span>
     <span class='ocr_line' id='line_1_11' title="bbox 101 852 810 910; baseline 0 -16"><span class='ocrx_word' id='word_1_84' title='bbox 101 869 198 896; x_wconf 77' lang='lat' dir='ltr'>ruinosus</span> <span class='ocrx_word' id='word_1_85' title='bbox 215 854 233 895; x_wconf 90' lang='lat' dir='ltr'>ei</span> <span class='ocrx_word' id='word_1_86' title='bbox 245 852 299 895; x_wconf 83' lang='lat' dir='ltr'>banc</span> <span class='ocrx_word' id='word_1_87' title='bbox 311 862 401 895; x_wconf 85' lang='lat' dir='ltr'>mentem</span> <span class='ocrx_word' id='word_1_88' title='bbox 415 853 497 895; x_wconf 83' lang='lat' dir='ltr'>tribuit:</span> <span class='ocrx_word' id='word_1_89' title='bbox 513 853 537 895; x_wconf 74' lang='lat' dir='ltr'><em>A</em></span> <span class='ocrx_word' id='word_1_90' title='bbox 551 866 639 895; x_wconf 83' lang='lat' dir='ltr'>cnnrsro</span> <span class='ocrx_word' id='word_1_91' title='bbox 650 855 721 894; x_wconf 85' lang='grc' dir='ltr'><em>οαααά</em></span> <span class='ocrx_word' id='word_1_92' title='bbox 733 868 810 910; x_wconf 79' lang='lat' dir='ltr'>aeque-</span> 
     </span>
     <span class='ocr_line' id='line_1_12' title="bbox 101 928 809 984; baseline 0 -15"><span class='ocrx_word' id='word_1_93' title='bbox 101 931 191 970; x_wconf 79' lang='lat' dir='ltr'>ninziter‘</span> <span class='ocrx_word' id='word_1_94' title='bbox 206 930 269 982; x_wconf 68' lang='lat' dir='ltr'>ferre</span> <span class='ocrx_word' id='word_1_95' title='bbox 282 944 329 970; x_wconf 82' lang='lat' dir='ltr'>som</span> <span class='ocrx_word' id='word_1_96' title='bbox 342 930 434 971; x_wconf 79' lang='lat' dir='ltr'>edoctos.</span> <span class='ocrx_word' id='word_1_97' title='bbox 465 930 592 984; x_wconf 82' lang='lat' dir='ltr'>Utrumque,</span> <span class='ocrx_word' id='word_1_98' title='bbox 607 928 662 970; x_wconf 83' lang='lat' dir='ltr'>haud</span> <span class='ocrx_word' id='word_1_99' title='bbox 675 929 735 984; x_wconf 88' lang='lat' dir='ltr'>pauci</span> <span class='ocrx_word' id='word_1_100' title='bbox 751 937 809 978; x_wconf 86' lang='lat' dir='ltr'>sunt,</span> 
     </span>
     <span class='ocr_line' id='line_1_13' title="bbox 101 1003 810 1060; baseline 0.001 -16"><span class='ocrx_word' id='word_1_101' title='bbox 101 1004 136 1060; x_wconf 82' lang='lat' dir='ltr'>qui</span> <span class='ocrx_word' id='word_1_102' title='bbox 156 1011 272 1058; x_wconf 82' lang='lat' dir='ltr'>sequantur,</span> <span class='ocrx_word' id='word_1_103' title='bbox 303 1003 344 1044; x_wconf 79' lang='lat' dir='ltr'>Alii</span> <span class='ocrx_word' id='word_1_104' title='bbox 356 1003 440 1045; x_wconf 78' lang='lat' dir='ltr'>haerent</span> <span class='ocrx_word' id='word_1_105' title='bbox 454 1018 501 1044; x_wconf 88' lang='lat' dir='ltr'>cum</span> <span class='ocrx_word' id='word_1_106' title='bbox 519 1018 586 1053; x_wconf 84' lang='lat' dir='ltr'>usrro,</span> <span class='ocrx_word' id='word_1_107' title='bbox 605 1003 655 1044; x_wconf 87' lang='lat' dir='ltr'>baec</span> <span class='ocrx_word' id='word_1_108' title='bbox 674 1019 700 1045; x_wconf 89' lang='lat' dir='ltr'>an</span> <span class='ocrx_word' id='word_1_109' title='bbox 717 1004 751 1045; x_wconf 81' lang='lat' dir='ltr'>iliu</span> <span class='ocrx_word' id='word_1_110' title='bbox 766 1019 810 1045; x_wconf 87' lang='lat' dir='ltr'>seu-</span> 
     </span>
     <span class='ocr_line' id='line_1_14' title="bbox 101 1077 810 1133; baseline 0.001 -14"><span class='ocrx_word' id='word_1_111' title='bbox 101 1078 162 1120; x_wconf 87' lang='lat' dir='ltr'>tentia</span> <span class='ocrx_word' id='word_1_112' title='bbox 179 1078 236 1119; x_wconf 84' lang='lat' dir='ltr'>atteri</span> <span class='ocrx_word' id='word_1_113' title='bbox 251 1078 384 1132; x_wconf 78' lang='lat' dir='ltr'>praeferenda</span> <span class='ocrx_word' id='word_1_114' title='bbox 401 1078 436 1127; x_wconf 89' lang='lat' dir='ltr'>sit,</span> <span class='ocrx_word' id='word_1_115' title='bbox 453 1078 485 1118; x_wconf 81' lang='lat' dir='ltr'>rel</span> <span class='ocrx_word' id='word_1_116' title='bbox 501 1092 533 1118; x_wconf 87' lang='lat' dir='ltr'>eus</span> <span class='ocrx_word' id='word_1_117' title='bbox 550 1077 647 1133; x_wconf 80' lang='lat' dir='ltr'>coniungi</span> <span class='ocrx_word' id='word_1_118' title='bbox 663 1078 740 1121; x_wconf 86' lang='lat' dir='ltr'>iubent.</span> <span class='ocrx_word' id='word_1_119' title='bbox 771 1080 810 1120; x_wconf 89' lang='lat' dir='ltr'>Sed</span> 
     </span>
     <span class='ocr_line' id='line_1_15' title="bbox 100 1148 810 1209; baseline 0.001 -15"><span class='ocrx_word' id='word_1_120' title='bbox 100 1168 148 1194; x_wconf 89' lang='lat' dir='ltr'>eum</span> <span class='ocrx_word' id='word_1_121' title='bbox 163 1167 239 1193; x_wconf 73' lang='lat' dir='ltr'>niueos</span> <span class='ocrx_word' id='word_1_122' title='bbox 254 1153 377 1194; x_wconf 82' lang='lat' dir='ltr'>Pronomine</span> <span class='ocrx_word' id='word_1_123' title='bbox 392 1148 432 1209; x_wconf 68' lang='grc' dir='ltr'>ἐγώ</span> <span class='ocrx_word' id='word_1_124' title='bbox 445 1154 554 1194; x_wconf 74' lang='lat' dir='ltr'>molestias</span> <span class='ocrx_word' id='word_1_125' title='bbox 567 1158 588 1193; x_wconf 84' lang='lat' dir='ltr'>et</span> <span class='ocrx_word' id='word_1_126' title='bbox 600 1167 716 1194; x_wconf 77' lang='lat' dir='ltr'>oeriororos</span> <span class='ocrx_word' id='word_1_127' title='bbox 727 1161 810 1209; x_wconf 83' lang='lat' dir='ltr'>spectet,</span> 
     </span>
     <span class='ocr_line' id='line_1_16' title="bbox 100 1228 811 1286; baseline 0 -18"><span class='ocrx_word' id='word_1_128' title='bbox 100 1243 154 1285; x_wconf 73' lang='lat' dir='ltr'>quoe</span> <span class='ocrx_word' id='word_1_129' title='bbox 174 1230 244 1285; x_wconf 76' lang='grc' dir='ltr'><em>ν’μοναα</em></span> <span class='ocrx_word' id='word_1_130' title='bbox 258 1228 324 1268; x_wconf 75' lang='lat' dir='ltr'>nautio</span> <span class='ocrx_word' id='word_1_131' title='bbox 337 1231 408 1286; x_wconf 71' lang='lat' dir='ltr'>iringis</span> <span class='ocrx_word' id='word_1_132' title='bbox 424 1244 489 1285; x_wconf 77' lang='lat' dir='ltr'>quern</span> <span class='ocrx_word' id='word_1_133' title='bbox 505 1228 562 1269; x_wconf 80' lang='lat' dir='ltr'>alios</span> <span class='ocrx_word' id='word_1_134' title='bbox 578 1229 729 1277; x_wconf 75' lang='lat' dir='ltr'>exercuerint,</span> <span class='ocrx_word' id='word_1_135' title='bbox 747 1228 811 1270; x_wconf 89' lang='lat' dir='ltr'>dubi-</span> 
     </span>
     <span class='ocr_line' id='line_1_17' title="bbox 99 1298 810 1359; baseline 0.003 -16"><span class='ocrx_word' id='word_1_136' title='bbox 99 1302 185 1344; x_wconf 81' lang='lat' dir='ltr'>tandum</span> <span class='ocrx_word' id='word_1_137' title='bbox 204 1317 246 1344; x_wconf 89' lang='lat' dir='ltr'>non</span> <span class='ocrx_word' id='word_1_138' title='bbox 265 1301 356 1354; x_wconf 82' lang='lat' dir='ltr'>ridetur,</span> <span class='ocrx_word' id='word_1_139' title='bbox 379 1303 429 1359; x_wconf 89' lang='lat' dir='ltr'>quin</span> <span class='ocrx_word' id='word_1_140' title='bbox 444 1304 535 1347; x_wconf 82' lang='lat' dir='ltr'>Verbum</span> <span class='ocrx_word' id='word_1_141' title='bbox 551 1298 629 1354; x_wconf 71' lang='grc' dir='ltr'><em>ἔμαθον</em></span> <span class='ocrx_word' id='word_1_142' title='bbox 643 1303 764 1345; x_wconf 76' lang='lat' dir='ltr'>doctrinam</span> <span class='ocrx_word' id='word_1_143' title='bbox 782 1305 810 1345; x_wconf 87' lang='lat' dir='ltr'>si-</span> 
     </span>
     <span class='ocr_line' id='line_1_18' title="bbox 101 1377 810 1435; baseline 0 -16"><span class='ocrx_word' id='word_1_144' title='bbox 101 1378 183 1435; x_wconf 83' lang='lat' dir='ltr'>gnificet</span> <span class='ocrx_word' id='word_1_145' title='bbox 195 1378 321 1434; x_wconf 74' lang='lat' dir='ltr'>quotidiano</span> <span class='ocrx_word' id='word_1_146' title='bbox 334 1381 385 1420; x_wconf 77' lang='lat' dir='ltr'>usui</span> <span class='ocrx_word' id='word_1_147' title='bbox 399 1379 499 1420; x_wconf 72' lang='lat' dir='ltr'>debitam.</span> <span class='ocrx_word' id='word_1_148' title='bbox 536 1377 649 1435; x_wconf 71' lang='lat' dir='ltr'>Quidquid</span> <span class='ocrx_word' id='word_1_149' title='bbox 661 1380 704 1420; x_wconf 79' lang='lat' dir='ltr'>otii</span> <span class='ocrx_word' id='word_1_150' title='bbox 711 1411 716 1429; x_wconf 92' lang='lat'>,</span> <span class='ocrx_word' id='word_1_151' title='bbox 731 1380 810 1435; x_wconf 78' lang='lat' dir='ltr'>inquit,</span> 
     </span>
     <span class='ocr_line' id='line_1_19' title="bbox 100 1455 810 1510; baseline 0.001 -16"><span class='ocrx_word' id='word_1_152' title='bbox 100 1455 197 1494; x_wconf 70' lang='lat' dir='ltr'>sentirent</span> <span class='ocrx_word' id='word_1_153' title='bbox 207 1459 249 1494; x_wconf 72' lang='grc' dir='ltr'>ἀαί</span> <span class='ocrx_word' id='word_1_154' title='bbox 266 1455 368 1510; x_wconf 78' lang='lat' dir='ltr'>eupiunt,</span> <span class='ocrx_word' id='word_1_155' title='bbox 389 1469 421 1494; x_wconf 75' lang='lat' dir='ltr'>aue</span> <span class='ocrx_word' id='word_1_156' title='bbox 437 1455 548 1495; x_wconf 76' lang='lat' dir='ltr'>molestiae</span> <span class='ocrx_word' id='word_1_157' title='bbox 568 1459 588 1494; x_wconf 83' lang='lat' dir='ltr'>ei</span> <span class='ocrx_word' id='word_1_158' title='bbox 602 1469 720 1495; x_wconf 74' lang='lat' dir='ltr'>aerumnae</span> <span class='ocrx_word' id='word_1_159' title='bbox 736 1456 810 1496; x_wconf 79' lang='lat' dir='ltr'>docue-</span> 
     </span>
     <span class='ocr_line' id='line_1_20' title="bbox 100 1524 811 1584; baseline 0.003 -15"><span class='ocrx_word' id='word_1_160' title='bbox 100 1535 152 1569; x_wconf 78' lang='lat' dir='ltr'>runt</span> <span class='ocrx_word' id='word_1_161' title='bbox 174 1536 212 1570; x_wconf 89' lang='lat' dir='ltr'>eet.</span> <span class='ocrx_word' id='word_1_162' title='bbox 243 1528 372 1572; x_wconf 85' lang='lat' dir='ltr'>Vocabulum</span> <span class='ocrx_word' id='word_1_163' title='bbox 395 1524 505 1583; x_wconf 69' lang='grc' dir='ltr'><em>αὐτάρκης,</em></span> <span class='ocrx_word' id='word_1_164' title='bbox 528 1528 583 1584; x_wconf 89' lang='lat' dir='ltr'>quod</span> <span class='ocrx_word' id='word_1_165' title='bbox 606 1530 668 1570; x_wconf 89' lang='lat' dir='ltr'>semel</span> <span class='ocrx_word' id='word_1_166' title='bbox 688 1537 766 1571; x_wconf 81' lang='lat' dir='ltr'>tantum</span> <span class='ocrx_word' id='word_1_167' title='bbox 790 1531 811 1571; x_wconf 87' lang='lat' dir='ltr'>in</span> 
     </span>
     <span class='ocr_line' id='line_1_21' title="bbox 100 1602 812 1659; baseline 0 -12"><span class='ocrx_word' id='word_1_168' title='bbox 100 1607 155 1647; x_wconf 78' lang='lat' dir='ltr'>Novo</span> <span class='ocrx_word' id='word_1_169' title='bbox 169 1606 296 1645; x_wconf 78' lang='lat' dir='ltr'>Testamento</span> <span class='ocrx_word' id='word_1_170' title='bbox 310 1610 380 1653; x_wconf 76' lang='lat' dir='ltr'>exstat,</span> <span class='ocrx_word' id='word_1_171' title='bbox 394 1603 447 1643; x_wconf 86' lang='lat' dir='ltr'>bene</span> <span class='ocrx_word' id='word_1_172' title='bbox 460 1603 625 1658; x_wconf 86' lang='lat' dir='ltr'>interpretantur,</span> <span class='ocrx_word' id='word_1_173' title='bbox 638 1604 673 1659; x_wconf 90' lang='lat' dir='ltr'>qui</span> <span class='ocrx_word' id='word_1_174' title='bbox 681 1604 742 1645; x_wconf 82' lang='lat' dir='ltr'>verba</span> <span class='ocrx_word' id='word_1_175' title='bbox 754 1608 775 1647; x_wconf 78' lang='grc' dir='ltr'>ἑν</span> <span class='ocrx_word' id='word_1_176' title='bbox 784 1602 812 1654; x_wconf 79' lang='grc' dir='ltr'>οἷς</span> 
     </span>
     <span class='ocr_line' id='line_1_22' title="bbox 100 1676 812 1736; baseline -0.001 -14"><span class='ocrx_word' id='word_1_177' title='bbox 100 1683 151 1734; x_wconf 73' lang='grc' dir='ltr'><em>εἰμι,</em></span> <span class='ocrx_word' id='word_1_178' title='bbox 165 1677 264 1736; x_wconf 73' lang='grc' dir='ltr'>αὐτάρκης</span> <span class='ocrx_word' id='word_1_179' title='bbox 277 1677 325 1721; x_wconf 63' lang='grc' dir='ltr'><em>οἶνοι</em></span> <span class='ocrx_word' id='word_1_180' title='bbox 339 1678 393 1719; x_wconf 89' lang='lat' dir='ltr'>idem</span> <span class='ocrx_word' id='word_1_181' title='bbox 403 1678 470 1719; x_wconf 80' lang='lat' dir='ltr'>valere</span> <span class='ocrx_word' id='word_1_182' title='bbox 482 1685 566 1719; x_wconf 90' lang='lat' dir='ltr'>monent</span> <span class='ocrx_word' id='word_1_183' title='bbox 579 1684 640 1733; x_wconf 88' lang='lat' dir='ltr'>atque</span> <span class='ocrx_word' id='word_1_184' title='bbox 648 1676 764 1735; x_wconf 69' lang='grc' dir='ltr'><em>ἀρκούμενοι</em></span> <span class='ocrx_word' id='word_1_185' title='bbox 772 1684 812 1729; x_wconf 80' lang='grc' dir='ltr'><em>τοῖς</em></span> 
     </span>
     <span class='ocr_line' id='line_1_23' title="bbox 100 1738 812 1811; baseline -0.006 -13"><span class='ocrx_word' id='word_1_186' title='bbox 100 1757 185 1811; x_wconf 76' lang='grc' dir='ltr'><em>παροῦσι</em></span> <span class='ocrx_word' id='word_1_187' title='bbox 207 1754 274 1796; x_wconf 67' lang='lat' dir='ltr'>neor.</span> <span class='ocrx_word' id='word_1_188' title='bbox 294 1754 353 1794; x_wconf 79' lang='lat' dir='ltr'><strong>XIH:</strong></span> <span class='ocrx_word' id='word_1_189' title='bbox 377 1758 396 1795; x_wconf 88' lang='lat'>5.</span> <span class='ocrx_word' id='word_1_190' title='bbox 427 1738 520 1794; x_wconf 78' lang='lat' dir='ltr'>Ceterum</span> <span class='ocrx_word' id='word_1_191' title='bbox 542 1753 629 1793; x_wconf 81' lang='lat' dir='ltr'>conferri</span> <span class='ocrx_word' id='word_1_192' title='bbox 649 1760 740 1793; x_wconf 88' lang='lat' dir='ltr'>meretur</span> <span class='ocrx_word' id='word_1_193' title='bbox 757 1753 812 1809; x_wconf 90' lang='lat' dir='ltr'>quod</span> 
     </span>
     <span class='ocr_line' id='line_1_24' title="bbox 100 1827 811 1886; baseline 0 -14"><span class='ocrx_word' id='word_1_194' title='bbox 100 1845 201 1872; x_wconf 74' lang='lat' dir='ltr'><strong>SOGRATES</strong></span> <span class='ocrx_word' id='word_1_195' title='bbox 218 1836 309 1886; x_wconf 82' lang='lat' dir='ltr'>rogatus,</span> <span class='ocrx_word' id='word_1_196' title='bbox 326 1829 370 1884; x_wconf 86' lang='lat' dir='ltr'>quis</span> <span class='ocrx_word' id='word_1_197' title='bbox 389 1834 440 1868; x_wconf 90' lang='lat' dir='ltr'>esset</span> <span class='ocrx_word' id='word_1_198' title='bbox 453 1827 572 1877; x_wconf 90' lang='lat' dir='ltr'>ditissimus,</span> <span class='ocrx_word' id='word_1_199' title='bbox 592 1827 707 1883; x_wconf 87' lang='lat' dir='ltr'>respondit:</span> <span class='ocrx_word' id='word_1_200' title='bbox 727 1829 751 1871; x_wconf 88' lang='grc' dir='ltr'>Ὁ</span> <span class='ocrx_word' id='word_1_201' title='bbox 764 1831 811 1871; x_wconf 82' lang='grc' dir='ltr'><em>ἕλα-</em></span> 
     </span>
    </p>
   </div>
   <div class='ocr_carea' id='block_1_3' title="bbox 101 1900 799 1961">
    <p class='ocr_par' dir='ltr' id='par_1_3' title="bbox 101 1900 799 1961">
     <span class='ocr_line' id='line_1_25' title="bbox 101 1900 799 1961; baseline -0.004 -13"><span class='ocrx_word' id='word_1_202' title='bbox 101 1906 175 1959; x_wconf 80' lang='grc' dir='ltr'><em>χιότας</em></span> <span class='ocrx_word' id='word_1_203' title='bbox 190 1901 312 1959; x_wconf 76' lang='grc' dir='ltr'><em>ἀρκούμενος.</em></span> <span class='ocrx_word' id='word_1_204' title='bbox 338 1900 452 1959; x_wconf 73' lang='grc' dir='ltr'><em>Αὐταρκαα</em></span> <span class='ocrx_word' id='word_1_205' title='bbox 464 1902 502 1959; x_wconf 75' lang='grc' dir='ltr'>γαρ</span> <span class='ocrx_word' id='word_1_206' title='bbox 516 1900 595 1959; x_wconf 73' lang='grc' dir='ltr'><em>φύσεώς</em></span> <span class='ocrx_word' id='word_1_207' title='bbox 608 1905 649 1946; x_wconf 74' lang='grc' dir='ltr'><em>ἐστι</em></span> <span class='ocrx_word' id='word_1_208' title='bbox 662 1906 747 1953; x_wconf 77' lang='grc' dir='ltr'><em>πλοῦτος</em></span> <span class='ocrx_word' id='word_1_209' title='bbox 761 1902 799 1961; x_wconf 84' lang='grc'>(1)</span> 
     </span>
    </p>
   </div>
   <div class='ocr_carea' id='block_1_4' title="bbox 401 2088 507 2128">
    <p class='ocr_par' dir='ltr' id='par_1_4' title="bbox 401 2088 507 2128">
     <span class='ocr_line' id='line_1_26' title="bbox 401 2088 507 2128; baseline 0.019 -2"><span class='ocrx_word' id='word_1_210' title='bbox 401 2101 457 2127; x_wconf 56' lang='lat' dir='ltr'>siuns.</span> <span class='ocrx_word' id='word_1_211' title='bbox 474 2088 507 2128; x_wconf 79' lang='lat'>12.</span> 
     </span>
    </p>
   </div>
   <div class='ocr_carea' id='block_1_5' title="bbox 102 2202 813 2559">
    <p class='ocr_par' dir='ltr' id='par_1_5' title="bbox 102 2202 813 2559">
     <span class='ocr_line' id='line_1_27' title="bbox 132 2202 812 2261; baseline -0.001 -16"><span class='ocrx_word' id='word_1_212' title='bbox 132 2206 171 2245; x_wconf 82' lang='lat' dir='ltr'>Per</span> <span class='ocrx_word' id='word_1_213' title='bbox 185 2204 265 2261; x_wconf 84' lang='lat' dir='ltr'>singula</span> <span class='ocrx_word' id='word_1_214' title='bbox 280 2218 355 2246; x_wconf 75' lang='lat' dir='ltr'>rnueus</span> <span class='ocrx_word' id='word_1_215' title='bbox 368 2204 508 2260; x_wconf 85' lang='lat' dir='ltr'>persequitur,</span> <span class='ocrx_word' id='word_1_216' title='bbox 529 2202 583 2259; x_wconf 90' lang='lat' dir='ltr'>quod</span> <span class='ocrx_word' id='word_1_217' title='bbox 602 2202 714 2259; x_wconf 81' lang='lat' dir='ltr'>generatim</span> <span class='ocrx_word' id='word_1_218' title='bbox 729 2217 749 2244; x_wconf 88' lang='lat' dir='ltr'>se</span> <span class='ocrx_word' id='word_1_219' title='bbox 762 2202 812 2244; x_wconf 90' lang='lat' dir='ltr'>didi-</span> 
     </span>
     <span class='ocr_line' id='line_1_28' title="bbox 104 2275 813 2335; baseline -0.004 -14"><span class='ocrx_word' id='word_1_220' title='bbox 104 2281 153 2321; x_wconf 85' lang='lat' dir='ltr'>cisse</span> <span class='ocrx_word' id='word_1_221' title='bbox 173 2280 273 2335; x_wconf 84' lang='lat' dir='ltr'>professus</span> <span class='ocrx_word' id='word_1_222' title='bbox 297 2287 336 2328; x_wconf 87' lang='lat' dir='ltr'>est,</span> <span class='ocrx_word' id='word_1_223' title='bbox 360 2287 379 2321; x_wconf 93' lang='lat' dir='ltr'>et</span> <span class='ocrx_word' id='word_1_224' title='bbox 399 2280 490 2334; x_wconf 88' lang='lat' dir='ltr'>primum</span> <span class='ocrx_word' id='word_1_225' title='bbox 510 2278 593 2334; x_wconf 88' lang='lat' dir='ltr'>quidem</span> <span class='ocrx_word' id='word_1_226' title='bbox 608 2277 685 2318; x_wconf 76' lang='lat' dir='ltr'>verbis:</span> <span class='ocrx_word' id='word_1_227' title='bbox 707 2275 759 2321; x_wconf 70' lang='grc' dir='ltr'><em>Οἶδα</em></span> <span class='ocrx_word' id='word_1_228' title='bbox 781 2279 813 2320; x_wconf 70' lang='grc' dir='ltr'>καὶ</span> 
     </span>
     <span class='ocr_line' id='line_1_29' title="bbox 102 2351 810 2411; baseline -0.006 -15"><span class='ocrx_word' id='word_1_229' title='bbox 102 2357 255 2405; x_wconf 71' lang='grc' dir='ltr'><em>ταπεινοῦσθαι,</em></span> <span class='ocrx_word' id='word_1_230' title='bbox 270 2351 315 2395; x_wconf 74' lang='lat' dir='ltr'>otta</span> <span class='ocrx_word' id='word_1_231' title='bbox 329 2355 361 2396; x_wconf 79' lang='grc' dir='ltr'>καὶ</span> <span class='ocrx_word' id='word_1_232' title='bbox 376 2351 499 2411; x_wconf 63' lang='grc' dir='ltr'>περισσεύειν.</span> <span class='ocrx_word' id='word_1_233' title='bbox 527 2355 579 2395; x_wconf 83' lang='lat' dir='ltr'>Nam</span> <span class='ocrx_word' id='word_1_234' title='bbox 591 2353 691 2394; x_wconf 87' lang='lat' dir='ltr'>Partioula</span> <span class='ocrx_word' id='word_1_235' title='bbox 707 2352 736 2404; x_wconf 65' lang='grc' dir='ltr'>δέ,</span> <span class='ocrx_word' id='word_1_236' title='bbox 751 2368 810 2409; x_wconf 84' lang='lat' dir='ltr'>quam</span> 
     </span>
     <span class='ocr_line' id='line_1_30' title="bbox 103 2428 812 2485; baseline -0.004 -14"><span class='ocrx_word' id='word_1_237' title='bbox 103 2430 169 2471; x_wconf 72' lang='lat' dir='ltr'>editio</span> <span class='ocrx_word' id='word_1_238' title='bbox 189 2428 250 2471; x_wconf 84' lang='lat' dir='ltr'>babet</span> <span class='ocrx_word' id='word_1_239' title='bbox 268 2430 368 2484; x_wconf 83' lang='lat' dir='ltr'>Recepta,</span> <span class='ocrx_word' id='word_1_240' title='bbox 384 2429 437 2471; x_wconf 82' lang='lat' dir='ltr'>olum</span> <span class='ocrx_word' id='word_1_241' title='bbox 456 2429 539 2485; x_wconf 90' lang='lat' dir='ltr'>quidem</span> <span class='ocrx_word' id='word_1_242' title='bbox 552 2444 564 2469; x_wconf 85' lang='lat' dir='ltr'>a</span> <span class='ocrx_word' id='word_1_243' title='bbox 579 2443 629 2469; x_wconf 78' lang='lat' dir='ltr'>sues</span> <span class='ocrx_word' id='word_1_244' title='bbox 641 2428 696 2470; x_wconf 80' lang='lat' dir='ltr'>illoto</span> <span class='ocrx_word' id='word_1_245' title='bbox 713 2443 754 2469; x_wconf 90' lang='lat' dir='ltr'>non</span> <span class='ocrx_word' id='word_1_246' title='bbox 772 2435 812 2475; x_wconf 75' lang='lat' dir='ltr'>est,</span> 
     </span>
     <span class='ocr_line' id='line_1_31' title="bbox 103 2502 810 2559; baseline -0.006 -13"><span class='ocrx_word' id='word_1_247' title='bbox 103 2513 126 2547; x_wconf 84' lang='lat' dir='ltr'>ut</span> <span class='ocrx_word' id='word_1_248' title='bbox 146 2504 243 2547; x_wconf 78' lang='lat' dir='ltr'>invidiose</span> <span class='ocrx_word' id='word_1_249' title='bbox 262 2505 374 2559; x_wconf 82' lang='lat' dir='ltr'>suspicatur</span> <span class='ocrx_word' id='word_1_250' title='bbox 389 2520 525 2556; x_wconf 71' lang='lat' dir='ltr'>arnrrnsuus,</span> <span class='ocrx_word' id='word_1_251' title='bbox 542 2503 576 2545; x_wconf 89' lang='lat' dir='ltr'>sed</span> <span class='ocrx_word' id='word_1_252' title='bbox 590 2503 683 2547; x_wconf 85' lang='lat' dir='ltr'>Librariis</span> <span class='ocrx_word' id='word_1_253' title='bbox 697 2511 767 2546; x_wconf 86' lang='lat' dir='ltr'>tamen</span> <span class='ocrx_word' id='word_1_254' title='bbox 779 2502 810 2543; x_wconf 88' lang='lat' dir='ltr'>de-</span> 
     </span>
    </p>
   </div>
   <div class='ocr_carea' id='block_1_6' title="bbox 128 2664 342 2708">
    <p class='ocr_par' dir='ltr' id='par_1_6' title="bbox 128 2664 342 2708">
     <span class='ocr_line' id='line_1_32' title="bbox 128 2664 342 2708; baseline -0.009 -12"><span class='ocrx_word' id='word_1_255' title='bbox 128 2665 150 2708; x_wconf 65' lang='lat' dir='ltr'>(t)</span> <span class='ocrx_word' id='word_1_256' title='bbox 163 2667 206 2696; x_wconf 71' lang='grc' dir='ltr'><em>ὃταν.</em></span> <span class='ocrx_word' id='word_1_257' title='bbox 219 2666 249 2696; x_wconf 84' lang='lat' dir='ltr'>Tit.</span> <span class='ocrx_word' id='word_1_258' title='bbox 262 2666 280 2696; x_wconf 85' lang='lat' dir='ltr'>V.</span> <span class='ocrx_word' id='word_1_259' title='bbox 293 2664 302 2707; x_wconf 72' lang='lat' dir='ltr'>p</span> <span class='ocrx_word' id='word_1_260' title='bbox 314 2665 342 2695; x_wconf 71' lang='lat'>43.</span> 
     </span>
    </p>
   </div>
   <div class='ocr_carea' id='block_1_7' title="bbox 0 0 832 2790">
    <p class='ocr_par' dir='ltr' id='par_1_7' title="bbox 0 0 832 2790">
     <span class='ocr_line' id='line_1_33' title="bbox 0 0 832 2790; baseline 0 0"><span class='ocrx_word' id='word_1_261' title='bbox 0 0 832 2790; x_wconf 95' lang='lat' dir='ltr'> </span> 
     </span>
    </p>
   </div>
  </div>
 </body>
</html>
