1650 2790
287 71 331 98 ear.
347 58 363 99 I.
379 70 436 98 reus.
454 60 478 107 3,
496 58 520 105 4,
537 59 557 96 5.

336 225 392 252 vrrs.
409 202 433 261 3,
451 215 508 262 4,51

96 332 173 372 Horum
187 343 291 379 versuum,
308 343 355 372 curn
371 336 426 372 arcte
440 329 572 380 cohaereant,
588 326 780 386 comprehendenda

66 406 202 461 interpretatio
210 412 244 446 est.
254 405 497 461 Interpretationemrero
505 402 778 461 priusquamaggrediamur,
797 446 799 458 Ι

67 480 171 529 rationem,
180 494 220 535 qua
230 479 260 521 illi
267 478 393 538 cohaereant,
403 485 562 520 commonstrare
570 477 673 519 dehemus.
684 478 779 531 Quaestio

66 556 132 611 agitur
146 553 171 596 de
185 569 239 595 nexu
253 569 321 596 versus
338 557 351 596 4
367 568 415 595 cum
428 546 593 608 praecedenti'et
609 553 707 609 sequenti.
737 553 780 595 Hac

5 655 7 657 -
65 637 134 671 autem
150 629 209 672 dere
222 630 284 671 ardue
294 628 401 684 disputatio
416 636 455 679 est,
466 629 563 684 quoniam
576 628 597 669 in
606 629 709 685 plerisque
720 643 778 669 raom

66 706 154 759 scriptis,
168 705 203 746 ubi
215 705 313 746 nonnulla
329 704 438 750 verborum
453 711 574 754 occurrunt,
591 718 643 759 quae
660 703 695 745 hte
708 704 780 760 legun-

66 788 110 829 tur,
133 770 198 820 oratio
211 779 257 834 plus
271 794 313 820 uno
329 780 412 820 nomine
426 778 451 820 ab
466 777 526 820 huius
539 779 639 834 Epistoiae
652 778 719 823 differt
737 792 781 819 ora-

67 854 126 894 tione.
143 852 203 895 Cuius
215 853 333 895 diversitatis
344 861 364 894 et
376 854 505 894 immemores
515 868 556 894 esse
568 853 673 903 ridentur,
684 854 720 909 qui
733 868 780 896 eum

66 941 216 969 onnrsosrono
234 927 359 970 Adrerhium
377 926 472 979 πάντοτε,
489 928 521 969 vel
537 929 599 969 etiam
614 943 672 970 voces
686 930 708 971 ἒν
724 926 781 988 πάσῃ

66 1000 129 1058 δεήσει
149 1019 189 1055 μον
206 1017 254 1044 cum
274 1018 323 1045 rers.
344 1007 357 1045 3
377 1011 511 1054 connectunt,
531 1010 550 1044 et
564 1004 599 1059 qui
613 1010 715 1059 postrema
731 1001 783 1056 perci

66 1079 130 1134 χαρᾶς
148 1076 184 1132 τήν
199 1077 266 1133 δέησιν
280 1065 396 1132 ποιούμενος
414 1093 426 1119 a
446 1076 614 1133 praecedentibus
635 1079 736 1129 avellunt,
759 1085 782 1119 ut

66 1151 182 1206 mqrerrime
200 1166 324 1194 asonorzro
338 1150 367 1210 (1)
383 1153 507 1194 factumest.
532 1153 607 1208 Utique
623 1152 724 1208 quidquid
739 1152 781 1194 aliis

66 1226 88 1266 iu
101 1226 150 1268 locis
164 1234 202 1277 est,
218 1226 273 1282 quod
291 1226 351 1269 huius
366 1228 431 1269 simile
444 1227 479 1278 sit,
498 1242 560 1269 omne
576 1226 638 1277 illud,
655 1227 701 1268 nisi·
710 1227 781 1278 fallor,

66 1300 145 1350 suadet,
161 1292 346 1343 ut'distinctionem
360 1302 458 1343 Editionis
471 1310 565 1358 receptae
584 1310 685 1344 tueamur.
708 1303 782 1358 Impri-

67 1376 105 1415 nris
117 1374 157 1417 huc
171 1383 246 1431 spectat
260 1377 316 1432 quod
332 1377 420 1418 occurrit
434 1376 495 1419 Rom.
513 1377 533 1419 1:
548 1381 571 1428 9,
589 1381 626 1421 10:
640 1373 729 1435 Μοίρτνζ
743 1378 782 1436 yo'p

67 1466 107 1502 Ιιιον
124 1450 177 1492 ἐστὶν
192 1451 204 1492 o'
217 1449 266 1499 Θεός
276 1475 335 1483 κ-
344 1449 371 1500 a‘g
380 1450 510 1500 ἀδιαλείπτως
521 1451 589 1504 μνείαν
602 1451 662 1504 ὑμῶν
673 1454 781 1504 ποιοῦμαι,
797 1477 800 1480 -

67 1523 150 1566 πάντοτε
163 1525 196 1566 ἐπὶ
209 1526 250 1566 τῶν
262 1528 381 1580 προσευχῶν
396 1542 436 1578 μου
450 1523 541 1577 δεόμενος
550 1532 588 1566 ete.
603 1525 641 1566 Illa
651 1525 706 1565 enim
716 1526 781 1566 emni-

67 1613 94 1639 no
112 1597 195 1648 docent,
213 1598 235 1638 in
254 1598 343 1653 Epistola
362 1598 388 1640 ad
402 1598 569 1658 Philippenses,
590 1599 606 1640 si
624 1613 707 1640 rariori
722 1615 782 1642 raom

67 1674 197 1727 interpretem
217 1674 284 1714 facere
306 1673 410 1725 volumus,
431 1675 492 1717 verba
509 1672 594 1717 πάντοτε
610 1677 632 1717 ἐν
646 1673 703 1733 πάσῃ
718 1672 784 1731 δεήσει

5 1759 8 1765 ⁸
67 1764 107 1799 μου
123 1754 142 1788 et
158 1762 227 1789 seeum
245 1754 327 1797 mutuo,
349 1756 369 1789 et
387 1763 435 1790 curn
453 1750 582 1805 sequentihus
598 1749 650 1804 μετιῖ
663 1754 729 1806 χαρᾶς
746 1749 783 1807 τήν

67 1820 134 1876 δέησιν
148 1819 264 1874 ποιούμενος
277 1824 417 1865 connectenda
434 1839 481 1866 esse.
502 1826 573 1880 Neque
587 1823 642 1866 aliud
656 1824 708 1865 effici
718 1832 783 1879 potest

68 1912 92 1937 ex
106 1897 195 1938 oratione
209 1900 219 1937 1
236 1897 285 1941 Gor.
296 1899 315 1939 l:
328 1901 351 1948 4,
368 1901 444 1955 quippe
456 1916 509 1957 quae
522 1909 541 1944 et
554 1901 610 1948 nihil,
619 1901 644 1944 de
653 1904 782 1960 precatione

68 1971 244 2027 prosecutoribus
259 1986 343 2014 ennrsrr
356 1974 418 2025 facta,
429 1983 464 2017 aut
472 1975 497 2018 de
512 1979 618 2019 mainerio
632 1992 703 2019 eorum
714 1977 783 2019 habita

68 2045 167 2095 eontinet,
189 2052 208 2086 et
225 2046 252 2087 ita
272 2048 380 2090 constituta
397 2057 436 2100 est,
457 2058 479 2092 ut
497 2053 574 2094 auctori
588 2060 679 2094 mentem
695 2053 782 2100 alienam

67 2115 163 2176 affurgere
176 2134 257 2162 necesse
271 2122 306 2172 sit,
323 2123 362 2163 nisi
375 2123 499 2167 Peniculum
514 2124 598 2170 πάντοτε
611 2127 636 2169 ad
651 2127 736 2180 verbum
750 2127 783 2169 εὕ-

66 2198 155 2250 χαριστιῦ
169 2195 285 2238 referamus.
308 2196 369 2250 Quod
382 2198 450 2254 ipsum
465 2200 529 2242 obstat
543 2214 626 2258 quoque
638 2202 782 2256 comparationi

67 2268 159 2309 lecerunt
175 2267 221 2311 Col„
238 2269 260 2310 I:
276 2273 295 2312 3,
314 2274 324 2311 1
342 2270 417 2315 Ttess.
434 2274 455 2314 I:
469 2276 489 2316 2.
504 2273 564 2323 Pto.
581 2278 605 2325 4,
621 2289 745 2331 quamquam
760 2276 782 2316 in

67 2340 97 2382 his
111 2357 150 2384 nec
162 2345 266 2386 meritorie
279 2344 386 2388 hominum
400 2347 569 2400 Christianorum,
585 2366 624 2393 nee
633 2352 736 2409 precatio
752 2349 782 2393 di-

68 2415 109 2456 riui
122 2418 144 2457 in
158 2433 191 2460 eos
203 2419 275 2461 favoris
290 2420 369 2463 silentio
384 2426 556 2478 praetermittitur,
580 2427 623 2467 Iam
637 2426 707 2481 primis
721 2425 781 2468 huius

1 2504 7 2508 ’
67 2504 135 2532 sersus
154 2492 218 2534 verbis
237 2501 256 2535 et
276 2497 382 2551 postremis
401 2499 506 2549 connexis,
526 2501 628 2556 sequitur,
649 2501 716 2544 media
733 2502 784 2558 tato

64 2596 229 2605 ›--—-—--—

91 2654 117 2698 (t)
130 2657 173 2690 Ννν.
186 2660 229 2692 Teat.
244 2663 302 2694 Graec.
314 2662 338 2695 ad.
352 2663 368 2695 h.
381 2644 399 2694 Ι.Ι
