1650 2790
293 36 337 64 ΟΜ).
353 22 387 66 [V.
404 25 459 65 uuus.
476 2 507 64 ld.
716 26 757 65 303
807 2 817 40 ἒ

50 147 148 202 seriptum
163 159 211 187 esse,
244 147 268 187 Et
281 153 394 187 statuerunt
405 145 467 200 iliud,
480 153 580 203 quotquot
596 160 644 188 euru
659 145 758 204 Vulgata

50 223 100 265 Lat.
110 223 295 276 interpretabantur
308 223 382 280 ubt'que
393 229 412 264 et
425 226 449 263 ιἰι
464 225 563 274 omnebus,
572 230 595 264 ut
602 223 689 279 legimus
698 221 759 264 etiam

51 298 105 353 apud
119 311 299 340 narnuosmsruuu.
328 297 368 340 Sed
383 299 498 354 primuma
517 299 585 343 Verbo
600 297 704 355 μεμύημαι
723 297 760 339 ati-

52 387 113 413 cnum
126 372 177 414 mihi
192 374 271 415 videtur
284 372 342 422 illud,
356 373 411 430 quod
425 373 539 430 significant
551 374 651 415 formulae
664 376 686 416 ἓν
699 373 761 415 παντὶ

51 446 116 507 χρόνῳ
133 455 153 489 et
167 450 189 491 ἒν
202 450 260 492 amr
273 446 332 508 τόαιμ.
358 448 436 490 Deinde
449 449 474 489 ad
488 464 516 490 as.
531 452 544 490 6
558 447 660 489 evidenter
675 462 708 488 me
722 447 760 488 de-

52 530 172 564 monstrasse
183 531 243 579 puto,
256 523 338 579 Ellipses
352 531 429 565 temere
440 524 556 580 confingere
564 523 623 566 Viros
630 522 710 573 Doctos,
725 522 761 579 qui

52 598 158 654 scriptores
165 607 241 641 veteres
254 599 305 641 haec
319 598 360 640 duo
374 601 395 640 ἒν
407 599 467 641 παντί
478 613 515 654 pro
530 598 622 653 formulis
642 598 681 640 illis
695 598 760 653 plenis

53 674 177 715 substituisse
191 674 320 716 contendant.
341 674 413 729 Neque
427 687 439 714 a
455 687 488 714 me
502 675 611 729 impetrare
624 687 717 728 possum,
731 681 761 722 ut,

54 764 101 790 oum
120 749 176 791 iuxta
197 765 218 792 se
234 750 298 805 posita
314 748 353 790 sint
368 750 389 791 ἐν
404 748 464 790 παντὶ
476 750 509 790 καὶ
521 750 543 790 ἐν
555 751 615 801 πᾶσι,
635 748 694 790 alteri
708 748 762 789 aliud

54 823 104 879 quid
122 823 215 867 adiiciam
227 839 289 880 quam
304 824 363 865 alteri
377 820 416 880 (1).
446 822 552 865 Provocari
571 824 635 880 igitur
648 823 720 879 nequit
739 822 763 864 ad

55 901 67 940 2
81 898 131 942 Cor.
140 899 211 949 Xitfi,
226 898 262 941 uhi
276 898 384 954 Partioipio
401 898 558 953 povtpmds'atag,
578 898 633 955 quod
653 898 709 940 haud
722 898 764 939 sine

55 988 114 1015 causa
130 974 183 1014 inter
198 960 220 1017 ἐι
234 975 293 1016 παντὶ
306 980 326 1014 et
340 977 362 1017 ἐν
374 978 423 1017 πᾶσι
443 974 564 1016 collocatum
579 981 620 1023 est,
642 974 741 1029 posterius
754 988 765 1014 a

55 1048 117 1104 priori
130 1056 238 1104 separatur.
267 1049 393 1091 Probabilius
406 1064 454 1090 tero
467 1048 580 1105 disputant,
598 1047 634 1104 qui
646 1048 686 1090 hoc
697 1063 765 1090 erem-

55 1126 89 1181 plo
103 1131 190 1165 utuntur
207 1123 233 1165 ad
247 1124 345 1166 tuendam
359 1125 492 1176 sententiam,
511 1125 597 1166 alterum
612 1138 660 1175 res,
679 1123 766 1165 alterum

56 1201 151 1241 berniaco
173 1207 269 1255 spectare.
300 1200 360 1252 Quod
375 1214 471 1242 nurunno
484 1200 561 1256 placuit
573 1199 723 1254 interpretanti:
742 1200 767 1239 ιἰι

56 1274 150 1315 omnibus
163 1276 225 1316 rebus
240 1280 261 1316 ct
272 1275 333 1332 (pared
345 1290 426 1317 ottones:
441 1289 538 1316 uuaunno
554 1273 705 1330 quodammodo
724 1273 768 1315 cal-

57 1350 128 1390 culum
148 1348 265 1391 adiecerunt
280 1364 378 1392 uouemus
397 1358 417 1391 et
433 1364 552 1393 audeamus.
582 1348 623 1391 Sed
640 1349 691 1392 itud
708 1348 771 1406 αμαιῑ

58 1439 128 1464 omnes
136 1424 229 1466 ltotttt'uca
243 1424 298 1466 haud
311 1426 378 1467 minus
395 1439 458 1481 quam
469 1427 492 1466 tit
506 1427 563 1466 omttz'
574 1425 618 1466 loco
627 1426 659 1466 tel
675 1432 769 1490 tempore

58 1499 84 1540 ab
106 1499 196 1541 oratione
217 1514 276 1541 mum
299 1500 389 1542 alienum
408 1507 447 1550 est,
469 1515 516 1542 cum
534 1515 574 1541 sttc
592 1507 690 1555 tanquam
703 1501 770 1541 z'tzz'tt'a

58 1582 164 1616 memoret.
194 1576 219 1616 Et
233 1575 356 1630 Praepositio
371 1578 403 1627 ἐν,
423 1582 447 1616 ut
466 1590 526 1632 aegre
543 1590 567 1617 ao
586 1574 695 1618 difficulter
713 1575 770 1617 reddi

59 1657 125 1704 potest
139 1651 204 1707 apztd,
219 1651 246 1693 ita
266 1658 312 1693 ante
328 1659 436 1707 utramque
456 1666 528 1694 vocem
541 1652 601 1695 παντὶ
614 1658 634 1692 et
644 1654 704 1695 πᾶσιν
721 1666 770 1693 ean-

61 1724 107 1765 dem
122 1725 227 1767 notioncm
243 1725 318 1768 hahere
336 1726 402 1768 dehet.
433 1726 493 1779 Quod
512 1734 581 1768 autem
595 1741 735 1768 onrrsuacruo
753 1735 773 1767 et

61 1813 150 1841 sronnro
164 1799 229 1841 risum
243 1809 282 1854 est,
298 1801 447 1844 distinctionem
462 1801 582 1843 mutandam
594 1815 645 1851 esse,
661 1808 695 1851 nt,
712 1801 771 1842 Com-

61 1881 115 1916 mate
134 1873 250 1925 interiecta,
271 1876 338 1932 priora
354 1879 376 1920 ἐν
393 1876 454 1919 παντί
472 1876 585 1918 referantur
605 1875 631 1917 ad
648 1876 773 1932 praecedens

61 1955 188 2008 περισσεύειν,
210 1959 276 1993 cetera
299 1951 325 1994 ad
344 1966 430 2009 sequens
451 1949 567 2010 μεμύημαι,
591 1952 636 1993 iure
658 1952 773 2007 meritoque

63 2026 237 2083 reprehenderunt
258 2042 414 2078 usrumcnsms,
435 2042 519 2077 morus,
542 2041 705 2086 nunruwanous
721 2041 774 2068 ottr-

63 2117 166 2145 aumsms:
191 2103 266 2160 quippe
290 2103 312 2144 in
332 2102 453 2159 Analogiam
469 2102 589 2153 incurrens,
614 2116 662 2144 cum
683 2102 774 2158 superius

62 2181 206 2221 ταπεινοῦσθαι
219 2178 309 2220 absolute
317 2178 406 2234 positum
420 2178 457 2228 sit,
473 2192 511 2219 nec
527 2178 641 2219 Particulae
652 2179 686 2222 καί
698 2191 774 2219 conre-

88 2317 110 2363 [1]
131 2319 232 2361 improbanda
249 2320 297 2362 igitur
314 2319 422 2362 interpretatio
441 2330 502 2363 quoque
521 2326 544 2350 est
563 2329 665 2352 oacuuanrr:
684 2321 702 2351 ἐν
717 2320 774 2351 iteret

64 2382 158 2424 πράγματι
170 2384 201 2413 καὶ
215 2385 233 2416 ἐι
245 2384 287 2416 areca
300 2387 338 2418 τοῖς
349 2383 509 2426 παρεμπίπτουσι,
521 2391 567 2423 quam
580 2382 651 2412 imitatus
664 2390 776 2412 smenrruerus

64 2443 137 2485 scripsit:
151 2444 169 2473 in
184 2446 228 2475 onzttt'
237 2456 255 2476 ro
269 2449 285 2476 tt
295 2444 367 2475 ontitidus
379 2443 401 2474 ad
411 2454 444 2474 tutu
455 2444 503 2474 illum
512 2443 638 2485 pcrtinentibus.
663 2441 777 2484 Quodammodo

63 2503 93 2535 hoc
106 2506 153 2535 etiam
163 2508 237 2537 convenit
250 2518 285 2538 cum
298 2517 325 2548 eo,
337 2504 379 2549 quod
390 2515 436 2548 supra
446 2506 544 2545 monuimus,
557 2504 631 2547 placuisse
644 2514 777 2537 anrorurmoto.

64 2566 126 2608 Frigerc
138 2572 190 2598 autern
201 2569 295 2607 orationem,
310 2579 348 2611 (puae
360 2566 398 2598 tatia
413 2555 500 2610 contineat,
511 2578 542 2599 non
558 2577 595 2610 opus
610 2572 639 2611 est,
652 2573 671 2598 ut
684 2566 719 2600 data
730 2579 775 2610 opera

67 2626 166 2659 ostendamus.
