1650 2790
265 68 310 94 car.
326 54 351 96 ll.
365 69 423 98 vens.
436 59 456 104 6,
472 57 493 103 7,
508 57 528 97 S.
717 58 757 98 147

43 179 151 235 probatur,
174 189 221 217 cum
243 175 410 232 praecedentibus
432 186 451 220 et
471 180 602 236 sequentibus
622 177 757 231 cohaereant,

23 286 26 292 .
44 254 108 303 haec,
131 250 169 293 nisi
188 251 258 303 fallor⁷
281 251 342 293 totius
361 266 429 295 versus
446 253 528 297 docebit
541 254 692 312 interpretatio:
708 256 759 312 qai,

44 330 142 388 qucmm's
165 329 282 385 imaginem
304 327 349 370 Det
369 330 487 387 referebat,
508 333 576 373 vitam
599 338 683 383 tornea,
701 332 759 373 citae

44 404 88 449 Der
101 403 224 461 cepticlem,
239 418 285 445 rem
299 418 341 446 αοα
355 404 432 457 duxit,
449 420 514 463 priam
528 421 590 448 suam
601 409 697 464 faceret,
713 421 761 450 cum

45 495 86 523 εαα
105 478 162 537 (suae
180 477 286 537 personae)
306 494 348 522 αοα
367 485 424 521 essct
443 478 482 538 (1).
513 480 557 522 Iam
573 480 590 523 si
602 479 656 523 hauc
668 488 759 526 mentem

44 568 161 598 Pauutesse
175 561 262 606 constat,
277 554 350 596 erroris
363 553 514 597 convincuntur
527 556 661 612 quotquotab
669 571 760 600 orirerur

44 630 92 673 inde
109 645 157 672 eum
176 629 249 672 docere
261 635 370 685 putarunt,
385 643 491 671 cumsrmr
506 627 689 687 ταπεινοφροσύνην
702 646 759 675 suam

45 720 69 748 eo
89 706 220 762 conspicuam
232 704 314 754 fecisse,
329 703 396 759 quod,
409 703 470 747 missa
485 705 517 747 vel
531 706 633 748 occultata
646 701 714 762 gloria
725 721 761 748 sua

44 781 128 832 Divina,
145 787 239 823 naturam
252 785 363 821 assumeret
376 777 495 823 humanam.
525 780 592 822 Immo
603 780 663 823 docet
676 780 761 837 Aposto-

45 857 88 907 lus,
104 869 210 898 cnrrrsruu
225 854 264 897 hac
280 854 302 896 in
319 861 383 906 terra,
399 854 491 911 quamvis
508 854 547 897 Dei
567 863 617 898 esset
638 856 703 908 filius,
725 857 762 914 qui

45 931 109 975 Patris
128 930 241 987 imaginem
260 931 355 981 referret,
372 930 393 972 id
408 937 478 972 tamen
490 945 533 972 non
545 930 620 988 egisse,
633 938 667 983 ut,
681 931 707 974 ad
720 947 760 974 vo·

46 1008 146 1048 luntatem
159 1005 267 1047 hominum
280 1005 379 1048 voluntati
391 1006 475 1049 Divinae
488 1005 610 1062 oppositam,
624 1005 646 1048 in
661 1006 725 1064 gloria
738 1021 762 1054 ac

46 1081 140 1124 beatitate
158 1079 196 1123 Dei
213 1081 295 1124 vireret.
326 1079 398 1124 Paucis
418 1081 484 1123 verbis
503 1095 605 1124 summam
624 1082 761 1137 complector:

46 1171 146 1199 cnursrus
161 1158 203 1199 hac
214 1158 237 1197 τ’νι
252 1162 326 1206 terra,
340 1171 469 1213 quamquam
477 1161 580 1212 poterat,
592 1157 706 1214 gloriosos
716 1172 763 1199 esse

46 1233 117 1274 αοίαιίι
130 1229 168 1289 (2).
408 1292 420 1332 7
443 1294 456 1333 8

334 1305 393 1333 unus.
423 1323 428 1338 ‚
460 1325 464 1332 .

75 1382 164 1425 Dictioni
183 1382 266 1438 neganti
285 1395 362 1424 rannus
382 1380 470 1423 aientem
487 1381 582 1437 opponit,
600 1381 716 1438 etquidem
732 1383 763 1425 hi-

47 1458 152 1514 partitam,
173 1470 226 1513 quae
244 1457 273 1498 sic
288 1455 431 1512 distinguenda
445 1463 484 1498 est:
506 1457 558 1500 Att'
576 1454 649 1501 ἒαντόν
667 1456 764 1512 saevom,

48 1532 129 1591 μορφήν
142 1530 217 1602 dodico
230 1530 311 1588 λαβών,
324 1532 346 1574 ἒν
359 1527 472 1585 ὁμοιώματι
484 1528 715 1589 οἷνθρώαωνγενόμενος·
723 1534 764 1586 καὶ,

49 1606 138 1665 σχήματι
154 1606 242 1664 εὑρεθεὶς
261 1606 290 1657 οἷς
302 1602 421 1664 ἅνθρωπος,
437 1605 566 1650 ἐταπείνωσεν
579 1603 652 1650 §aveto
664 1603 765 1663 γενόμενος

48 1681 135 1740 α’·νιήκοος
152 1680 213 1739 μέχρι
230 1678 335 1732 θανάτοιν,
347 1677 439 1725 θανοῖτοο
453 1681 477 1725 dd
490 1684 585 1738 σταυροῦ.
611 1682 706 1724 Gnosius
720 1682 765 1738 qui-

49 1757 97 1799 dem
115 1765 239 1813 postremam
258 1764 337 1813 partem
356 1770 425 1797 versus
447 1757 472 1798 7:
491 1757 513 1798 ἓν
525 1751 637 1810 ὁμοιώματι
650 1753 766 1813 ανθρώπων

48 1830 161 1889 γενόμενος,
180 1824 255 1875 cum8
270 1830 329 1889 iungi
342 1830 416 1884 voluit3
430 1830 466 1873 sed
482 1837 538 1873 recte
552 1832 600 1873 eum
615 1829 682 1872 etalii
696 1845 766 1886 repre-

49 1907 175 1958 henderunt,
193 1921 205 1949 a
219 1920 299 1949 u‘ourro
312 1905 398 1957 laudati,
415 1913 436 1947 et
449 1920 546 1957 unrmus,
562 1905 599 1962 qui
613 1904 671 1947 hunc
689 1906 765 1948 oratio-

50 1984 81 2025 nis
102 1983 194 2026 ordinem
211 1997 253 2025 esse
268 1982 399 2033 monstravit,
417 1988 442 2023 ut
456 1981 539 2037 utrique
555 1980 623 2023 versui
636 1980 675 2023 tria
692 1980 766 2031 insint,

50 2073 103 2115 quae
121 2058 160 2101 sibi
177 2064 250 2099 mutuo
269 2055 409 2114 respondeant.
439 2056 480 2100 Cui
495 2064 621 2114 argumento
636 2055 682 2112 quis
703 2055 767 2100 adde-

51 2149 73 2176 re
89 2133 191 2178 recusabit
206 2135 303 2184 altcrum‚
323 2132 372 2176 inde
387 2133 486 2189 petitum,
506 2133 562 2190 quod
581 2132 702 2177 Coniunctio
719 2148 767 2175 ver-

51 2208 77 2252 ba
93 2210 129 2253 illa
148 2225 191 2253 non
208 2209 326 2267 praecedit?
355 2210 386 2253 Ita
402 2217 423 2252 ct
440 2215 559 2267 propterea,
579 2207 636 2266 quod
647 2208 768 2252 Coniunctio

51 2304 210 2312 ἢ*

75 2358 100 2402 (1)
118 2361 163 2402 Quod
174 2361 194 2393 ad
205 2374 228 2394 vs.
240 2363 251 2393 3
263 2361 282 2394 de
293 2360 365 2406 populari
377 2361 480 2405 explicatione
492 2360 541 2393 Verbi
552 2362 642 2404 ἡγεῖσθαι
653 2359 715 2401 monui,
726 2358 769 2390 hunc

53 2420 100 2451 etium
112 2421 191 2454 inlocum
203 2422 279 2467 quadrare
290 2430 340 2466 puto,
356 2429 382 2465 nt,
395 2430 480 2465 praeeunte
492 2429 594 2464 casraurouu,
607 2419 675 2453 scribere
686 2418 729 2452 haud
741 2431 771 2451 vc«

53 2491 97 2512 rear:
109 2492 128 2513 se
139 2494 173 2514 rem
184 2494 216 2516 αοα
228 2486 287 2516 ducere
299 2484 376 2515 ostendit.
388 2482 437 2514 Valde
449 2495 474 2515 me
486 2489 537 2515 moret
548 2481 635 2514 Antithesis
647 2479 687 2514 ἀλλ’
704 2482 770 2515 ἑαυτὸν

54 2543 128 2576 {atroce
141 2550 172 2579 cet.
186 2556 209 2576 vs.
220 2546 241 2588 7,
254 2547 271 2579 8.
293 2546 323 2578 Sed
334 2544 385 2576 obiter
396 2551 457 2577 tantam
468 2544 508 2577 illud
520 2545 589 2588 attingo,
606 2544 680 2588 qnoniam
690 2543 729 2577 hinc
740 2556 770 2578 non

54 2605 111 2647 pendet
122 2606 231 2649 interpretatio
243 2609 292 2641 totius
303 2608 382 2640 orationis.
724 2641 727 2647 ⁸

78 2666 102 2710 (2)
115 2666 145 2699 eff.
156 2668 213 2700 Ῐοοιιιι.
224 2668 257 2700 VI:
269 2671 295 2702 15,
307 2673 318 2700 a
331 2669 369 2702 Cor.
380 2670 427 2702 rur:
443 2671 453 2701 9
466 2676 481 2701 et
492 2668 523 2701 loci
534 2680 542 2701 a
553 2677 598 2702 uosro
609 2667 676 2702 laudati.

623 2732 668 2774 10*
