1650 2790
87 50 128 88 330
305 61 348 88 mn
363 47 397 89 ill.
415 62 470 89 rans.
486 50 525 96 21,
543 51 576 89 22.

86 171 137 211 stolo
162 184 221 224 opem
242 170 333 210 tulerunt
356 168 382 211 ad
404 169 516 212 doctrinam
539 183 622 211 cnnrsrl
640 171 796 227 propagandam.

85 245 125 286 Sed
145 245 236 301 quaestio
255 252 294 295 est,
313 245 382 300 quales
402 245 509 287 adiutores-
523 245 605 286 fuerint.
643 246 736 288 Gnorrns
757 262 797 288 er-

87 320 149 375 empli
164 320 228 376 gratia
243 334 467 370 murmurmurmur,
484 334 608 362 onnunnrnn
622 320 742 362 llornarrnm
755 336 798 362 me-

86 402 161 436 morat:
178 410 251 437 οοοιοε
263 409 311 436 rero
320 409 398 446 Lucan,
414 410 511 445 araneum,
524 411 737 447 rinornnnn,r1ruir.
756 398 799 439 Nee

86 485 205 521 sronnrnu,
222 485 375 512 nnmrrrcnsrun
393 470 482 526 aliosque
497 470 611 522 dissentire,
627 479 709 527 apparet
724 487 747 513 er
761 487 799 521 eo,

87 545 143 603 qnod
159 546 247 588 excitant
271 546 317 590 Col.
332 547 371 590 IV:
388 549 415 589 10
430 560 474 603 sqq.
498 546 641 598 astantis,
659 549 746 598 11,12.
776 548 802 588 Et

88 621 180 662 similiter
202 622 244 663 iam
267 634 314 663 oum
335 636 453 663 ononimuro
472 622 595 677 Interpretes
616 621 735 664 iudicarunt
750 623 801 664 anti-

89 696 176 752 quiores,
214 698 286 752 Neque
309 711 378 738 omnes
401 705 470 738 tamen
495 697 548 753 fugit
569 696 676 740 difficultas
696 712 744 740 eum
764 696 803 738 hae

89 772 187 814 sententia
207 772 343 827 componendi
362 773 471 814 testimonii
489 772 545 829 quod
563 772 610 827 Cap,
625 773 656 814 H:
673 776 712 823 20,
728 775 753 814 21
771 772 804 812 le-

91 848 153 905 gitur.
191 846 274 889 Mirifice
297 862 345 888 vero
365 847 391 889 ad
410 847 488 889 nodum
510 847 659 903 expediendum
679 863 700 889 se
723 854 805 903 torquet

90 937 258 965 ‹rnnrsosronus
294 922 364 964 llaiori
384 922 468 978 quidem
492 937 540 965 enm
563 922 638 964 fiducia
660 937 804 970 annastasius,

38 1024 40 1026 ·
91 994 138 1054 ὅρα,
161 997 201 1047 ait,
221 995 247 1039 w)
265 993 351 1039 Haritoo
371 995 488 1052 σπλάγχνα,
508 993 539 1039 ὅτι
557 999 591 1039 καὶ
607 994 688 1048 τούτους
707 996 807 1053 dd'rlpodg

91 1077 157 1124 taret,-
179 1071 214 1113 sed
234 1070 273 1113 ltoo
295 1071 361 1127 potius
383 1079 412 1113 est
433 1085 510 1112 norum
527 1071 598 1113 animis
615 1072 699 1113 iniicere
716 1087 805 1127 scrupu-

92 1149 144 1199 lum,
164 1162 226 1203 quam
240 1155 329 1188 veterem
345 1146 437 1189 evellere
467 1147 569 1204 Equidem
582 1162 622 1189 non
634 1148 740 1204 intelligo,
757 1163 808 1203 quo-

93 1223 154 1265 modo
172 1238 249 1265 rannus
270 1238 281 1264 a
301 1220 321 1263 se
338 1223 448 1277 impetrare
464 1222 566 1278 potuerit,
584 1231 608 1264 ut
624 1223 708 1264 nomine
724 1238 808 1273 eorum,

95 1312 145 1353 quos
166 1298 197 1338 sui
212 1298 303 1353 ipsorum
318 1296 445 1338 studiosiores
463 1296 554 1348 dixisset,
576 1311 638 1353 quam
652 1305 676 1338 ut
692 1297 809 1356 Pttlpipos

68 1398 70 1403 ·
95 1374 148 1414 mitti
163 1380 255 1428 possent,
274 1387 331 1413 nuno
349 1372 506 1430 Philippenses
524 1373 626 1414 salutaret.
656 1374 710 1429 Ergo
729 1373 768 1415 alia
785 1373 810 1414 ad

96 1448 236 1490 difficultatem
253 1447 364 1489 tollendam
383 1447 518 1503 ingredienda
530 1447 610 1488 ridetur
624 1447 669 1497 ria,
684 1462 747 1503 quam
759 1462 810 1504 quo-

96 1523 204 1566 dammodo
229 1523 270 1564 iam
291 1522 410 1564 monstrarit
429 1537 605 1564 rnnornrnaurns
626 1522 729 1564 scribens:
746 1521 812 1563 Ἠσον

96 1602 173 1650 πλείους
192 1599 234 1654 μετ’
254 1598 330 1649 αὐτοῦ,
349 1595 404 1651 τάχα
424 1598 457 1639 καὶ
475 1599 497 1639 ἐκ
514 1600 551 1652 τῆς
569 1592 650 1651 Ῥώμης
671 1595 733 1650 αὐτῆς
746 1590 812 1644 ὄντες,

97 1676 132 1718 οὐκ
151 1672 206 1725 ὄντες
226 1673 267 1729 μήν
290 1676 387 1723 τοιοῦτοι,
410 1667 461 1714 daza
480 1671 513 1712 καὶ
535 1667 652 1712 ἀποστόλων
675 1668 812 1723 ἀναδέχεσθαι

96 1746 209 1805 πράγματα.
242 1749 344 1789 Nimirum
371 1746 458 1801 duplex,
479 1753 503 1786 ut
522 1752 584 1799 putu,
608 1757 672 1800 genus
695 1743 812 1785 adiuturum

97 1839 158 1865 muni
172 1822 340 1880 distinguendum
354 1829 389 1864 est.
421 1820 515 1863 Alterum
531 1818 636 1860 constabat
649 1833 673 1859 er
684 1817 811 1867 hominihus,

98 1917 148 1957 quos
169 1900 276 1957 Apostolus
297 1899 319 1940 in
338 1897 496 1940 familiaritatem
516 1901 633 1951 receperat,
649 1901 673 1934 ut
690 1908 723 1935 eos
735 1893 813 1935 itineris

97 1976 181 2019 liaberet
200 1976 283 2018 comites
299 1982 319 2015 et
331 1974 361 2015 rei
377 1972 500 2015 Christianae
517 1986 576 2014 eausa
593 1983 746 2026 quoquoversus
763 1969 813 2010 mit-

98 2060 155 2095 teret.
186 2053 230 2094 Hae
248 2051 270 2093 in
285 2064 372 2092 numero
388 2050 473 2090 fuerunt
487 2062 562 2099 nuens,
581 2061 675 2096 tranans,
694 2060 765 2095 rrrus,
782 2059 813 2086 sr-

99 2144 147 2179 nas,
168 2143 216 2184 prae
234 2127 305 2169 ceteris
324 2139 449 2167 rurornnns.
480 2123 559 2168 Verum
576 2123 629 2164 inter
643 2120 760 2178 huiusmodi
779 2136 813 2161 so-

100 2205 153 2255 cios,
175 2218 223 2246 oum
240 2202 294 2245 hano
310 2200 419 2257 Epistulam
439 2199 549 2250 scriberet,
569 2198 616 2253 Cap.
632 2197 664 2238 Il:
680 2199 719 2245 20,
735 2198 761 2237 21
778 2212 814 2238 ne-

100 2280 190 2329 minem,
217 2292 259 2320 uno
288 2291 398 2320 rnrornno
425 2282 520 2330 excepto,
545 2273 583 2316 sibi
608 2271 689 2314 affuisse
712 2270 814 2323 declarat,

100 2354 281 2413 Philippensibus
304 2353 423 2409 cognitum,
448 2364 560 2406 eorumque
580 2356 622 2390 tam
645 2347 771 2398 studiosum,
792 2355 815 2388 ut

102 2432 221 2489 Philippos
236 2430 290 2470 mitti
306 2435 378 2485 posset.
409 2429 463 2483 Ergo
478 2440 510 2468 res
523 2426 566 2480 ipsa
583 2423 687 2479 loquitur,
709 2423 758 2464 tales
773 2437 814 2463 non

102 2508 162 2548 fuisse
179 2504 225 2555 τοος
238 2503 275 2546 σου
289 2502 344 2563 αὐτῷ
357 2498 468 2558 οῗὸελςοοὺς,
482 2516 572 2558 quornm
587 2499 669 2541 nomine
683 2499 816 2557 Philippen-

102 2597 137 2622 ses
152 2581 253 2622 salutaret.
284 2578 325 2619 Sed
342 2579 429 2620 alterum
444 2591 527 2633 quoque
542 2574 630 2617 habehat
644 2574 761 2616 adiuturum
775 2588 816 2629 ge-

103 2672 153 2698 nus:
170 2655 253 2696 urbium
271 2653 329 2702 dica,
345 2653 366 2694 in
382 2652 455 2707 quibus
473 2652 508 2693 ille
524 2665 571 2692 cunr
586 2649 694 2692 comitibus
708 2649 748 2691 suis
762 2662 817 2690 conr·
