1650 2790
84 51 127 89 ‘aab
333 60 377 86 cnr.
393 46 428 88 lV.
446 61 501 87 riuus.
519 50 538 87 5.

83 171 106 211 in
122 169 165 212 aliis
175 183 223 209 rero
236 166 270 210 lric
284 167 366 209 honoris
380 169 452 211 titulus
464 170 526 227 vulgo
538 169 634 211 tribuitur
647 186 742 214 enarsro.
757 172 795 213 Lo-

85 244 160 302 quendi
179 244 242 300 igitur
260 258 308 285 usus
327 242 385 285 nobis
397 244 438 286 iam
453 245 534 296 suadet,
547 252 571 285 ut
586 260 634 287 cum
649 247 795 303 interpretibus

84 318 197 375 plerisque,
218 332 269 373 quos
286 315 358 373 Syrus
373 318 480 373 praecessit
494 319 601 362 scribendo
615 313 674 382 ἐξ,
691 335 795 362 cuarsruu

83 396 170 439 auctoris
191 395 213 436 in
228 402 298 436 mente
312 395 374 436 fuisse
387 410 510 439 censeamus.
541 397 581 438 Sed
595 396 648 440 hanc
662 398 794 448 seutentiam,

83 479 106 512 ut
126 485 217 513 uooeros
232 470 308 526 aliique
322 478 418 522 mouent,
435 473 556 514 confirmant
572 473 714 525 circumiecta3
731 487 795 529 quan-

85 546 195 602 doquidem
215 553 234 586 et
253 561 352 587 cuarsrus
369 560 397 587 rs
413 549 432 596 1,
447 550 471 598 2,
486 550 499 589 4
512 546 587 608 Κύριος
600 548 685 599 dicitur,
701 556 721 589 ct
736 563 763 589 rs.
783 552 795 590 6

82 622 142 665 Dens
155 636 167 664 a
182 621 274 663 Burnum
288 621 424 677 distinguitur.
456 623 478 664 Si
491 630 560 666 autern
574 624 689 680 quaeritur,
704 622 796 679 quilde-

81 705 139 739 notet
158 694 371 753 Aduerbiunr‘0²py1zr'g,¹
394 681 494 740 cautinus
517 697 569 738 illud
590 697 733 754 exponendum
755 697 795 739 ait:

79 779 174 832 perotus
196 778 229 813 est
249 773 281 814 od
300 787 359 830 opem
375 773 511 830 ferendam:
524 772 638 814 cuiusmodi
655 772 795 827 interpretatio

81 850 122 892 ianr
136 849 213 906 placuit
229 864 317 892 rnnaero
333 848 444 904 multisque
458 848 514 899 aliis,
529 856 571 890 tani
585 848 714 899 recentioris,
732 862 794 903 quarn

82 925 201 982 antiquioris
218 926 297 975 aetatis,
312 924 373 965 etiam
386 937 533 973 narrarousro,
549 938 623 977 nonro,
638 936 794 971 aurrrrwnruo,

82 1014 216 1042 uarrnrnsro.
248 1000 273 1040 Et
290 999 309 1039 ei
329 997 412 1054 quidem
428 992 546 1053 comparant
560 999 669 1040 formulam
682 1005 728 1045 arn*
743 1003 796 1058 ΞΠῙ)

82 1076 166 1118 Psalm.
182 1075 278 1118 XXXIV:
296 1077 329 1116 19.
344 1073 417 1115 CXIX:
437 1075 485 1115 151.
501 1072 580 1116 CXLV:
598 1076 632 1117 18.
663 1073 703 1115 Sed
714 1072 751 1115 hos
763 1074 796 1114 lo-

84 1165 117 1192 cos
138 1164 180 1191 non
199 1164 241 1190 esse
261 1147 347 1198 similes,
362 1147 497 1205 intelligimus
515 1147 576 1199 iude,
592 1148 647 1205 quod
659 1148 749 1190 formula
761 1148 796 1190 illa

83 1226 105 1267 in
127 1240 168 1266 uno
189 1239 261 1265 eorunr
282 1222 376 1264 cohaeret
397 1237 445 1264 cunr
466 1222 531 1264 serbis
546 1208 681 1275 :b'tnzttljb‚
696 1223 718 1265 in
734 1224 797 1264 altero

85 1314 133 1341 eum
146 1285 275 1359 t‘ttffp'bnl),
291 1297 364 1353 quibus
377 1297 431 1352 apud
445 1298 580 1353 Interpretem
593 1298 659 1340 Alex.
675 1297 798 1354 respondent

83 1375 172 1416 Graeca:
189 1377 230 1423 τοῖς
250 1371 419 1430 συντετριμμένοις
430 1372 467 1429 τήν
480 1372 561 1429 καρδίαν
576 1379 595 1413 et
609 1375 659 1415 πᾶσι
672 1376 713 1422 τοῖς
728 1373 797 1414 {araon

83 1441 185 1502 λουμένως
205 1445 271 1490 αὐτόν.
306 1448 330 1489 In
349 1447 408 1488 tertio
430 1447 521 1490 Hebraea
536 1454 583 1493 arm
599 1453 649 1492 rins
664 1452 727 1507 stup,
745 1460 797 1502 quae

83 1510 171 1565 reddidit
186 1523 299 1577 Interpres:
322 1520 378 1576 ἒγγῦς
394 1518 412 1563 εἷ
422 1520 495 1579 Κύριε,
515 1520 648 1562 Parallelisnri
661 1535 719 1564 causa
732 1520 797 1577 sigui-

84 1599 145 1641 ficare
160 1597 269 1639 ridentur:
294 1596 369 1652 Prope
388 1596 456 1650 arilei,
471 1611 482 1637 o
498 1594 589 1645 Ielrooa,
607 1598 652 1636 tuis
667 1611 689 1637 es
702 1596 798 1638 infeoda-

84 1677 127 1733 ἵζε,
143 1673 176 1714 rel
191 1678 241 1714 orate
258 1671 329 1713 oeulos
346 1671 401 1711 ezidi
415 1677 465 1711 snm?
479 1670 585 1712 mcmdolo
600 1676 651 1720 tucn·
667 1671 815 1727 quenradrnc2

85 1735 134 1790 alum
149 1746 213 1789 Dent.
232 1747 300 1801 XXX:
323 1746 349 1786 14
369 1744 395 1786 de
412 1745 469 1786 iussis
483 1745 560 1787 Divinis
577 1745 664 1801 legimus
677 1731 730 1805 ²]th
745 1752 797 1806 :rap

85 1830 153 1870 ἮἾ,
184 1821 268 1863 Etiamsi
281 1836 328 1862 vero
339 1819 389 1862 liaeo
405 1820 554 1877 argumentatio
568 1820 635 1862 minus
646 1821 721 1870 valeat,
741 1821 799 1863 raldo

84 1906 153 1940 tamen
168 1896 302 1951 improbabile
320 1903 359 1946 cst,
376 1895 401 1936 ad
417 1910 489 1937 rocem
508 1893 565 1951 ἐγγύς
584 1896 606 1936 iu
626 1911 686 1938 rau-rr
698 1895 798 1951 Epistola,

85 1974 121 2015 ubi
135 1973 160 2015 de
174 1985 263 2013 cuursrc
276 1978 395 2026 usurpatur,
412 1970 563 2027 explicandam,
578 1972 688 2013 nonnullos
702 1970 799 2014 adhibere

85 2049 185 2097 Psalmos,
207 2045 243 2102 qui
262 2044 330 2086 Deum
342 2046 460 2100 praedicant
476 2046 589 2089 cultoribus
604 2048 644 2087 suis
659 2055 799 2103 praesentem,

85 2132 147 2180 atque
157 2122 185 2163 ita
199 2120 303 2162 notionem
316 2120 335 2161 ei
351 2120 458 2177 affingere,
473 2122 603 2177 scriptoribus
617 2124 669 2164 Nori
678 2124 800 2164 Testamenti

84 2200 145 2256 plane
161 2197 293 2252 incognitam.
324 2196 403 2237 Horum
417 2204 486 2238 autem
501 2198 623 2252 scriptorum
639 2199 655 2238 si
668 2197 761 2240 habenda
769 2214 800 2240 ra-

84 2275 112 2316 tio
128 2280 167 2323 est,
183 2271 239 2312 baud
252 2271 303 2321 scio,
319 2285 345 2312 an
362 2284 404 2311 uua
417 2271 465 2310 ferri
478 2272 540 2326 possit
555 2273 654 2320 sententia
667 2287 748 2324 eorum,
763 2274 799 2329 qui

85 2362 158 2392 rocem
177 2348 337 2403 interpretantur
351 2359 424 2404 prope
441 2347 510 2387 uastat
527 2346 559 2387 rel
578 2346 676 2390 similiter.
707 2349 735 2389 Er
750 2349 800 2391 locis

87 2432 153 2475 certe,
177 2438 227 2479 quos
244 2421 344 2479 congessit
362 2435 567 2473 anursourmronrus,
589 2411 670 2478 apparet
682 2439 764 2475 rocem,
784 2425 800 2466 si

86 2502 166 2543 Nomen
185 2499 204 2540 ci
222 2498 253 2539 rel
273 2498 389 2539 Pronomen
407 2497 429 2539 iu
447 2498 541 2540 Genitiro
554 2495 591 2539 'rel
607 2498 677 2541 Datiro
698 2499 799 2541 adiectum

87 2591 129 2618 uon
149 2582 187 2624 est,
209 2573 286 2629 ubique
307 2574 349 2614 fere
367 2577 449 2632 tetanus
463 2574 559 2616 denotare
577 2574 636 2616 treet
651 2575 799 2618 adventurum.

86 2650 147 2705 Quod.
165 2650 199 2691 htc
216 2649 276 2691 etiam
290 2648 334 2690 ficri
348 2647 402 2690 haud
416 2649 475 2705 pauci
492 2648 535 2693 Viri
551 2651 648 2693 sermonis
661 2651 733 2693 veteris
745 2651 798 2707 peria
