1650 2790
260 50 305 78 car.
321 36 346 79 ll,
363 51 419 79 vans.
436 38 460 87 9,
478 38 512 79 10.
702 36 742 77 159

33 170 67 205 tos
81 165 114 202 est
127 159 148 199 ei
165 172 239 199 nornen
257 157 327 212 illud,
344 158 402 215 qnod
417 161 474 200 ornni
486 161 570 201 normne
584 160 685 218 srqoerz‘ns
700 164 744 212 cst,

33 235 110 281 scilicet
129 247 204 275 nomen
223 233 314 276 Domini
334 235 401 292 regni
414 233 499 277 Divino.
533 235 577 277 Hoc
598 233 654 276 enirn
669 248 746 276 nornen

34 311 123 359 Domini
139 309 226 351 auctoris
245 308 267 351 iu
286 316 355 351 mente
375 310 445 362 fuisse,
461 326 503 358 uon
523 312 641 353 coniectura
661 317 704 361 est,
721 324 746 351 ex

34 386 82 434 Ant.
96 385 126 427 H:
143 387 177 427 36.
196 386 205 425 1
218 383 268 427 Cor¹
279 385 328 430 Vffl
333 400 338 427 :
354 390 367 430 6
383 386 468 442 aliisque
480 386 617 428 tantumloois
631 386 700 451 petita,
710 386 746 427 ubi

34 462 85 506 illud
97 475 179 503 cumsrr
192 460 299 517 proprium
313 461 396 515 dicitur,
413 462 448 504 sed
460 461 566 518 perspicue
577 461 710 518 intelligimus
722 476 746 503 er

35 536 99 580 verbis
114 550 142 577 vs.
160 536 184 576 11
202 531 232 580 ὅτι
245 536 321 593 Κύριος
333 536 410 594 Ἰησοῦς
422 532 516 594 Χριστός.

339 683 396 710 vens.
414 670 448 711 10.

65 761 160 816 Quonam
178 758 263 802 consilio
279 758 332 800 Deus
347 773 436 801 cunrsro
449 759 500 801 illud
516 773 592 800 nomon
605 757 696 801 Bonnnz'
707 760 750 802 lar-

37 836 89 894 gitus
108 836 142 886 sit,
165 849 241 876 alueus
261 834 361 878 sententia
376 835 475 891 explicat,
497 835 555 877 cuius
569 849 615 890 pars
629 835 686 890 prior
699 833 751 877 haec

37 918 77 952 est:
88 903 131 953 ‘lon
144 911 166 952 ἐν
179 912 208 969 τῷ
221 905 303 962 ὀνόματι
315 909 381 966 Ἰησοῦ
393 913 435 953 πᾶν
447 907 494 967 ydoo
505 907 579 969 κάμψῃ
587 909 710 967 ἐπουρανίων
719 911 752 953 καὶ

36 987 124 1041 ἐπιγείων
137 985 170 1028 nal
183 985 330 1039 καταχθονίων.
349 986 407 1039 Quae
416 986 499 1042 quidem
506 986 568 1027 verba
578 985 603 1026 de
611 986 704 1044 gerardos
713 985 751 1041 ipsi

38 1077 81 1103 rrsu
89 1060 209 1119 flectendis
221 1061 275 1102 sumi
288 1060 375 1112 debere,
391 1061 549 1118 interpretibus,
566 1060 752 1119 quomodocunque

38 1144 130 1179 ceterum
150 1136 175 1179 de
192 1136 215 1178 iis
227 1136 340 1193 disputent,
357 1137 464 1188 omnihus,
480 1150 570 1192 quorum
584 1151 640 1179 nune
653 1135 751 1186 memini,
763 1130 765 1133 ¹

39 1213 121 1254 omnino
140 1209 170 1270 (1)
186 1211 236 1255 adeo
251 1226 371 1267 persuasum
384 1227 426 1254 esse
437 1211 507 1262 video,
523 1219 546 1252 ut
558 1226 622 1268 prope
636 1212 693 1262 absit,
703 1211 754 1266 quin

39 1287 200 1329 contradicturus
215 1286 266 1329 mihi
279 1288 322 1343 ipse
336 1286 432 1330 diffidam.
462 1286 504 1328 Sed
515 1287 604 1328 lustratis
619 1294 639 1328 et
651 1284 754 1342 pondera-

39 1362 75 1412 tis,
92 1377 144 1418 quae
157 1361 262 1404 communi
273 1361 381 1403 hominum
396 1360 523 1417 persuasioni
539 1361 628 1412 obstant,
642 1375 755 1418 argumen-

41 1439 76 1488 tis,
92 1437 184 1479 animum
199 1436 286 1478 mirifice
300 1435 416 1477 confirmari
429 1436 500 1477 sentio.
516 1436 687 1492 Quandoquidem
697 1450 755 1477 nem-

41 1527 67 1567 pe
85 1526 123 1553 vox
143 1508 208 1565 drona
224 1525 252 1552 rs.
269 1513 308 1561 10,
329 1518 354 1551 ut
372 1509 461 1551 effecisse
475 1509 526 1551 mihi
539 1511 619 1561 videor,
634 1511 686 1553 nihil
699 1510 756 1553 aliud

42 1601 104 1642 quam
122 1600 197 1627 nomon
218 1584 328 1642 significat3
349 1583 485 1626 dubitandum
499 1599 582 1642 quoque
596 1600 638 1627 non
653 1594 693 1637 cst,
706 1586 756 1642 quin

41 1661 129 1702 formula
143 1663 165 1703 ἐν
178 1664 208 1720 τῷ
220 1658 301 1714 dodoau
312 1659 378 1715 Ἰησοῦ
391 1674 433 1702 non
449 1660 507 1702 aliter
520 1660 682 1716 exponendam,
696 1675 758 1717 quam

42 1737 65 1776 z'o
80 1738 165 1777 nomene
179 1750 230 1779 rnsu.
254 1735 304 1789 Quis
319 1735 374 1776 euim
386 1735 520 1787 inficiabitur,
535 1743 651 1788 auctorem,
664 1752 712 1779 curn
719 1735 758 1780 hac

42 1811 130 1852 formula
148 1817 251 1861 uteretur,
267 1824 342 1852 nomen
355 1810 475 1865 respexisse,
497 1801 552 1867 quod
572 1825 633 1867 supra
649 1812 759 1867 scripsisset

43 1885 110 1927 Deum
126 1900 216 1928 uunrsro
229 1885 327 1943 largitum
342 1886 397 1927 esse?
416 1885 480 1942 Atqui
491 1886 532 1928 hoc
545 1886 562 1928 si
574 1893 663 1938 constat,
677 1902 708 1928 res
716 1887 759 1943 ipsa

45 1962 147 2019 loquitur,
165 1961 269 2004 notionem
288 1960 353 2011 vocis,
369 1961 543 2017 quemadmodum
556 1962 586 2004 ihi
601 1962 709 2004 constituta
722 1964 759 2012 sit,

45 2036 80 2078 hle
101 2036 185 2079 omuino
205 2052 247 2079 esse
266 2035 401 2079 retinendam.
432 2036 500 2078 Multis
524 2037 588 2095 igitur
606 2039 699 2080 refellere
717 2052 759 2080 uon

47 2126 97 2166 opus
119 2119 148 2153 est
170 2126 290 2163 sronnron,
313 2125 478 2163 unrunrcusrnn,
503 2127 592 2155 mnrium
611 2113 703 2170 aliosque
723 2113 760 2155 In-

47 2194 155 2243 terpretes‚
177 2187 224 2245 qui,
245 2188 277 2230 vel
290 2186 463 2242 Praepositiouem
477 2189 499 2230 ἒν
519 2202 558 2243 pro
572 2190 599 2240 εἷς
617 2189 703 2244 positam
718 2203 760 2230 esse

47 2271 163 2314 monentes,
179 2278 262 2307 annuunt
276 2264 314 2306 sihi
328 2263 414 2305 voluisse
428 2262 485 2305 aiunt
499 2263 531 2305 od
541 2265 654 2318 honorem,
669 2264 701 2305 rel
712 2264 740 2320 gl
753 2286 761 2294 ·

48 2337 105 2378 riom
120 2353 175 2392 ruso,
192 2340 235 2390 vel,
246 2339 331 2382 eandem
343 2338 513 2394 Praepositionem
524 2337 559 2381 lale
566 2339 661 2381 Datimm
670 2337 761 2380 indicare

54 2454 226 2465 ὴ,-

71 2524 95 2568 (l)
111 2525 179 2567 Excepto
197 2538 251 2571 nempe
263 2538 341 2572 unientis,
358 2530 387 2572 qui
397 2530 414 2559 in
425 2528 444 2561 ll.
456 2540 502 2572 supra
513 2527 540 2560 all.
551 2527 599 2559 semel
609 2527 698 2570 iterumque
709 2528 761 2560 verbis

48 2592 92 2616 nanu
109 2585 160 2618 doceri
175 2590 230 2621 sumsit
242 2602 294 2633 periero
306 2590 343 2624 Deo
353 2590 438 2632 flectendo
450 2601 491 2623 esse.
515 2589 558 2622 ntibi
569 2601 605 2621 vero
617 2589 694 2631 ostendit,
705 2601 721 2622 se
732 2590 763 2622 sibi

50 2657 80 2679 non
92 2655 167 2680 constare.
