1650 2790
255 64 299 91 cnr.
315 50 330 91 Ι.
348 64 403 91 vens
422 53 459 99 rt,
478 52 516 100 13,
535 50 568 90 14.
738 49 765 91 [il

50 180 136 234 potitis,
155 179 179 214 ut
198 173 291 229 plerique
311 172 387 214 hahent
401 172 540 230 interpretum
556 171 694 214 recentiorum
708 186 767 214 com—

51 249 155 299 mentarii,
176 247 293 305 quemad
307 247 470 300 detruncatum·
493 263 562 291 sensus
580 247 676 290 orationis
694 245 766 288 eodem

52 326 109 368 redit.
139 326 219 366 Paunus
231 323 394 380 breviloquentia
408 340 456 367 usus
472 333 501 368 est
517 324 634 366 horninibus
650 324 766 372 commmri,

51 402 67 441 si
88 399 252 456 comparationis,
273 413 326 456 quac
345 400 446 443 Aduerbio
461 402 535 457 magis
550 400 665 450 indicatur,
681 400 767 442 alteram

50 483 128 531 partem
150 474 235 516 reticent
257 472 295 532 (1).
324 476 369 520 Vox
391 474 493 533 προκοπή,
512 476 603 530 quamvis
622 475 767 530 antiquissimis

51 550 181 605 scriptoribus
198 551 280 596 Graecis
298 550 404 607 incognita
426 549 476 599 fuit,
497 563 509 591 a
528 549 676 590 recentioribus
698 558 767 592 tamen

50 640 109 681 saepe
124 625 150 668 ad
160 640 297 683 progressus
308 623 433 666 denotandos
441 631 552 679 usurpatur
561 620 600 681 (2).
616 624 689 680 Neque
700 624 767 665 omni-

50 715 77 742 no
92 716 105 743 a
118 715 175 743 more
190 702 289 745 Veterum
302 700 384 742 deflexit
398 707 480 750 auctor,
496 713 545 740 cum
558 697 621 749 illud,
638 698 694 755 quod
707 713 719 740 a
730 698 768 740 La-

50 777 97 817 tinis
116 776 190 817 cedere
216 775 302 825 dicitur,
329 775 449 817 renunciaret
469 774 532 816 verbo
554 772 660 831 ἐλήλυθεν.
691 773 770 815 Similia

51 864 134 906 quoque
150 850 248 906 leguntur
264 849 339 892 filare.
355 851 386 895 V:
402 852 437 894 26.
454 850 504 893 Aer.
518 850 581 891 XIX:
597 852 632 892 27.
663 849 704 892 Sed
719 848 769 892 lunc

50 924 111 965 alieni
126 939 167 966 esse
182 925 276 966 ridentur
292 925 333 967 loci
346 940 358 968 a
371 941 476 969 nanneno
491 934 511 967 et
524 940 606 968 nrrnro
621 926 682 970 allati.
709 925 769 968 Cete-

51 1014 97 1040 rum
116 1000 175 1042 facilc
190 998 279 1057 intelligi
291 1008 352 1056 puto,
368 1016 449 1043 sensnm
463 1002 523 1044 huius
540 1001 635 1044 orationis
654 1002 682 1043 sic
695 1001 770 1044 consti-

50 1075 149 1116 tuendum
162 1090 214 1117 esse:
231 1079 288 1118 seire
301 1082 373 1118 etatem
380 1092 417 1119 cos
428 1079 482 1133 colo,
493 1077 600 1120 Fratres!
608 1092 641 1134 ea,
649 1093 707 1136 quiae
715 1078 772 1119 initi

50 1151 186 1201 acciderant,
203 1154 276 1208 magis
291 1153 449 1209 representem
464 1156 499 1194 rei
514 1153 656 1196 Christianae
669 1156 768 1194 cessisse.

322 1302 378 1328 vuns.
396 1291 434 1338 13,
452 1290 485 1329 14.

80 1373 133 1414 Duos
148 1389 204 1417 nunc
218 1376 321 1432 sigillatim
334 1377 442 1432 Apostolus
457 1379 551 1421 fortunae
563 1394 611 1421 suae
624 1380 719 1421 adversae
726 1394 770 1421 me-

50 1456 115 1489 morat
135 1449 229 1500 effectus,
250 1452 279 1492 rei
299 1451 422 1495 Christianae
438 1454 540 1497 salutares.
570 1455 666 1496 Alterum
685 1454 714 1496 sic
731 1454 770 1496 de-

49 1523 129 1564 scribit:
145 1520 196 1568 ciera
210 1525 257 1577 rotie
272 1527 359 1582 δεσμούς
372 1545 412 1582 μου
428 1528 525 1586 povspcaig
536 1532 558 1572 ἐν
573 1533 657 1590 Χριστῷ
670 1529 770 1585 γενέσθαι.

50 1597 90 1639 Sed
105 1598 247 1654 interpositum
262 1601 314 1644 illud
327 1605 349 1646 ἓν
361 1607 444 1663 Χριστῷ
457 1605 516 1655 lacit,
531 1612 555 1646 ut
568 1619 625 1646 mens
641 1605 683 1646 eius
701 1605 769 1646 minus

49 1673 155 1728 perspicua
170 1674 200 1717 sit.
230 1677 273 1719 Nee
289 1678 378 1720 multum
391 1679 469 1721 iurabit
481 1680 581 1722 Traiectio
596 1680 653 1722 verbi
668 1680 769 1736 γενέσθαι,

29 1776 31 1781 ,
50 1760 91 1802 qua
102 1748 185 1791 Veteres
200 1752 295 1793 nonnulli
310 1753 388 1796 librarii
402 1762 421 1795 et
435 1756 558 1812 interpretes
571 1755 716 1798 huicorationi
725 1757 769 1812 opi-

48 1820 110 1862 tulari
124 1823 237 1867 voluerunt.
261 1826 308 1868 Plus
323 1828 375 1870 lucis
391 1829 472 1872 afferret
486 1833 647 1873 cnnrsosrorrus
659 1833 769 1887 scriptione

48 1895 95 1946 relig
108 1896 130 1938 ἒν
144 1901 240 1957 Χριστῷ,
258 1902 298 1942 nisi
313 1901 364 1946 haec
381 1905 437 1946 omni
456 1904 496 1947 fide
513 1915 533 1948 et
547 1907 667 1950 auctoritate
683 1916 768 1951 careret.

49 1970 134 2012 Necesse
150 1974 232 2015 omuino
247 1983 277 2016 est
290 1977 412 2031 periclitari,
428 1994 453 2021 an
468 1980 658 2037 interpretationem
670 1982 768 2038 probahi-

49 2044 90 2085 lcm
105 2047 171 2102 capiat
185 2049 241 2104 quod
256 2050 317 2107 vulgo
335 2052 413 2095 editum
430 2062 465 2096 cst.
495 2056 620 2113 Incipiamus
633 2058 697 2115 igitur
707 2059 767 2100 afer<

49 2119 104 2161 mula
119 2122 217 2179 ’φανερούς
229 2129 334 2179 γενέσθαι,
347 2141 389 2184 qua
399 2128 452 2170 nihil
466 2130 522 2174 aliud
535 2132 645 2189 significari
658 2148 721 2190 quam
732 2138 767 2175 in-

50 2196 146 2238 notuisse
166 2196 250 2251 docent,
273 2201 312 2242 nisi
331 2202 402 2255 fallor,
422 2205 463 2247 loci
479 2207 531 2248 Novi
549 2209 672 2251 Testamenti
690 2208 767 2252 Mare.

52 2266 91 2310 VI:
113 2272 146 2314 14.
169 2274 219 2316 Act.
239 2274 288 2319 VH:
307 2280 340 2320 13.
358 2281 368 2319 1
386 2278 437 2323 Cor.
455 2280 498 2322 Ht:
516 2283 550 2325 13.
566 2283 606 2325 XI:
626 2287 653 2327 19
665 2291 689 2326 et
704 2286 768 2328 ceteri

52 2355 131 2394 onmes,
152 2346 189 2388 ubi
202 2363 225 2390 ea
239 2351 345 2405 reperitur.
376 2354 430 2398 Hinc
445 2356 547 2412 sequitur,
564 2373 682 2411 cervinum,
699 2376 767 2404 BEZAM

51 2414 148 2472 aliosque,
165 2422 207 2477 qui,
221 2425 323 2468 vocabulis
338 2430 360 2470 ἐν
372 2434 456 2490 Χριστῷ
468 2431 494 2472 orl
507 2447 583 2476 nomen
594 2434 679 2488 δεσμούς
693 2437 767 2490 relatis,

76 2648 101 2689 (ε)
113 2650 142 2684 clf.
153 2661 217 2689 norrun.
229 2656 240 2690 l,
254 2670 269 2693 c.
280 2670 296 2702 p.
308 2663 336 2696 85.
359 2664 443 2696 Wrrsrrr.
455 2671 471 2698 et
482 2675 531 2702 nrm,
543 2668 562 2701 al
573 2668 589 2704 ht
602 2670 614 2705 l,

631 2739 664 2774 ὅ*
