1650 2790
73 78 114 117 186
289 88 333 114 (rar.
349 73 375 114 ll.
391 88 447 115 uuus.
465 75 498 124 175
518 76 550 116 18.

72 208 92 242 et
105 214 163 255 saepe
175 198 229 253 apud
242 211 347 238 rournrun
361 197 458 253 aliosque.
489 197 584 239 Aenum
598 213 645 239 uero
660 214 686 241 au
701 214 785 257 usquam

71 275 126 317 aliud
141 273 241 330 significet
254 287 315 329 quam
325 262 415 329 gaudeo
430 288 475 314 ωαα
491 288 538 315 cum
553 273 638 330 aliquo,
652 274 711 332 valde
725 275 786 317 dubi-

72 359 102 392 to:
118 350 158 391 loci
173 356 228 390 certe
243 349 294 391 Novi
305 348 438 398 Testamenti,
452 348 488 389 uhi
500 348 551 390 illud
564 348 650 405 legitur,
666 351 714 392 tales
727 360 785 402 sunu

71 432 95 466 ut
108 423 160 466 nihil
176 424 251 476 obstet,
273 424 381 481 quominus
395 423 424 465 sic
438 423 517 479 ubique
531 423 633 467 reddatur.
664 425 705 467 Sed
721 425 736 467 si
755 428 786 468 vel

71 515 222 557 nonnunquam
242 501 268 542 ab
288 499 327 541 hac
346 498 513 554 interpretatione
532 499 674 542 decedendum
689 501 729 552 sit,
746 516 786 543 non

72 576 195 618 crediderim
209 583 276 618 tamen
293 575 319 617 ab
335 589 358 637 ea
372 574 443 616 decedi
455 589 524 631 posse,
541 574 576 616 ubi
590 575 680 630 Simplex
688 575 753 633 χαίρω
768 584 788 616 et

72 652 212 707 Gonrpositum
232 650 334 707 συγχαίρω
355 658 484 693 concurrant.
515 650 584 703 Quare
595 665 706 701 euasurum,
719 666 788 693 vurti-

72 741 139 777 enuu,
161 726 220 776 alios,
248 726 310 767 etiam,
330 740 475 768 utATTHIESIUM
498 721 582 782 sequor,
606 739 695 782 quorum
713 725 789 767 iudicio

73 817 150 845 rannus
164 800 223 843 dixit:
238 801 326 859 giriden
343 807 422 844 etima
434 802 522 860 gaudeo
536 802 642 844 vobiscum
657 802 758 844 emmens.

103 877 194 920 Eandem
220 877 408 933 interpretationem
434 878 472 920 sibi
499 878 601 934 postulant
626 877 741 934 sequentia:
767 876 790 921 ed

74 950 151 994 d‘eied.
160 953 194 993 καί
206 952 264 1005 ipati
272 952 349 1008 χαίρετε
363 953 396 994 καί
405 951 521 1008 σαχχαιρετέ
536 968 581 1007 poi:
601 959 624 993 nt
633 960 747 995 vertantur:
760 951 792 994 Id

74 1040 124 1067 nero
140 1027 211 1084 qosum
228 1031 248 1067 et
263 1040 300 1066 ens
312 1026 409 1083 geiidete
427 1032 448 1067 et
461 1041 505 1068 ααα
516 1027 613 1084 gairdete
626 1042 712 1070 memini.
743 1028 790 1069 Forw

75 1110 125 1143 tasse
146 1101 191 1157 quis
212 1101 261 1153 erit,
282 1101 318 1157 qui
337 1101 415 1143 Graeca
431 1100 455 1144 ed
469 1099 517 1144 aiei
539 1117 587 1143 curn
601 1117 692 1144 seonuro
706 1102 791 1159 aliisque

75 1176 172 1218 vertenda
193 1183 252 1232 putet
270 1177 386 1218 similiter:
398 1175 443 1227 sed,
459 1184 482 1217 ut
500 1177 598 1220 vocabula
613 1178 649 1220 illa
664 1178 727 1236 vulgo
741 1193 792 1221 con-

75 1253 161 1294 veniunt
174 1251 249 1294 Latinis
262 1251 288 1293 id
302 1253 374 1309 ipsum
387 1252 420 1293 rel
433 1251 503 1302 idem;
518 1252 546 1294 sic
560 1252 617 1294 aliud
630 1268 668 1309 pro
681 1253 705 1295 iis
720 1254 792 1296 substi-

76 1337 134 1370 tuere
154 1334 207 1369 retat
230 1342 346 1369 connexum
364 1327 452 1384 χαίρετε,
471 1326 526 1369 unde
544 1336 638 1384 apparet,
661 1343 707 1371 rem
728 1329 792 1387 signi-

76 1403 143 1454 ficari,
162 1404 185 1445 ob
205 1417 270 1460 quam
291 1402 448 1461 Philippenses
465 1403 566 1462 goirdere
580 1405 701 1448 iubeantur.
732 1405 792 1459 Quod

76 1493 125 1520 cum
148 1477 248 1536 Vulgeto
264 1478 345 1519 Latino
362 1478 415 1519 bene
432 1479 555 1520 intellexisse
574 1479 669 1522 videntur
687 1495 791 1531 euasurus,

76 1568 167 1596 enorrns
186 1553 290 1613 multique
303 1553 433 1608 interpretes.
462 1555 531 1609 Atque
543 1553 574 1594 his
588 1554 634 1595 ideo
651 1569 735 1612 quoque
750 1556 793 1597 siue

75 1629 172 1684 scrupulo
191 1628 298 1678 assentior,
315 1628 371 1684 quod
386 1628 433 1670 luce
452 1628 526 1670 clarius
541 1636 580 1680 est,
596 1644 682 1671 niiunuu
696 1629 732 1672 hic
746 1646 793 1674 ora-

76 1704 136 1746 tionis
153 1711 252 1759 tanquam
271 1702 329 1744 filum
350 1717 392 1744 non
413 1702 551 1745 admonitione
565 1703 672 1746 abscidisse
690 1707 792 1762 generali,

76 1779 111 1821 sed
126 1779 224 1837 singulari
239 1778 324 1821 eandem
337 1779 399 1834 plane
413 1794 495 1822 causam
502 1774 640 1835 persecutum
657 1795 713 1833 esse,
731 1796 793 1839 quern

76 1870 134 1897 uersu
148 1854 283 1911 praecedente
294 1854 399 1911 attigisset.

104 1933 150 1974 Una
168 1932 259 1988 quaestio
274 1939 303 1972 est
317 1945 382 1987 eaque
397 1930 534 1986 perdifficilis,
548 1931 611 1988 qnid,
625 1946 710 1988 nempe,
725 1933 792 1991 Apo-

75 2008 151 2059 stolus,
167 2012 188 2048 et
204 2008 260 2061 sibi,
277 2012 298 2048 et
312 2006 495 2064 Philippensibus
507 2007 593 2065 goiidio
607 2007 703 2049 duxerit.
733 2008 792 2051 Haud

75 2083 136 2139 pauci
158 2082 254 2139 quidem,
274 2089 297 2123 ut
316 2081 459 2124 difficultatem
472 2083 555 2134 tollant,
573 2083 679 2138 Simplicia
694 2085 758 2142 χαίρω
773 2091 792 2125 et

75 2159 153 2216 χαίρετε
166 2158 205 2200 alio
221 2158 312 2200 referunt
325 2171 388 2214 quam
394 2158 508 2214 Composita
522 2159 623 2216 συγχαίρω
638 2165 658 2199 et
667 2158 790 2216 ααχχαίρετε;

75 2234 121 2286 sed,
144 2248 171 2275 ne
190 2232 230 2275 hoc
248 2233 332 2276 artificio
352 2234 374 2274 in
395 2234 507 2275 orationem
528 2233 672 2276 obscuritatem
688 2234 792 2289 importari

75 2309 154 2361 dicam,
170 2309 196 2352 ab
209 2324 249 2351 usu
260 2309 358 2352 sermonis
366 2308 469 2351 familiaris
482 2309 576 2360 alienam,
588 2309 633 2351 satis
643 2309 683 2351 illis
691 2324 792 2367 superque

76 2386 192 2428 renituntur
210 2385 308 2428 uocabula
320 2384 343 2428 eo*
357 2382 418 2438 αὐτό,
432 2398 485 2441 quae
502 2392 576 2426 cuncta
594 2384 666 2427 eodem
688 2386 792 2429 referenda

77 2478 117 2504 osse
132 2461 213 2504 docent.
243 2460 297 2518 Ergo
311 2475 388 2503 riunus
403 2459 473 2517 gaudii
488 2474 569 2502 oausam
582 2460 614 2501 vel
628 2463 651 2502 iu
666 2468 734 2504 morte
751 2478 792 2504 sne

75 2539 182 2592 violente,
200 2537 232 2579 vel
249 2539 273 2578 iu
291 2536 470 2594 Philippensium
485 2536 547 2593 fide,
571 2536 602 2577 vel
622 2536 644 2579 in
664 2537 792 2594 sepositam

76 2612 114 2663 ait,
126 2613 184 2671 quod
197 2613 343 2670 interficitur,
358 2613 409 2654 dum
416 2612 477 2669 fidei
492 2613 585 2654 illorum
596 2619 707 2672 operetur.
723 2614 793 2668 Quae-

76 2690 104 2732 ris
124 2688 197 2732 harum
212 2689 404 2745 interpretationum
420 2703 465 2731 suos
480 2688 541 2731 hehet
556 2696 657 2745 patronos.
689 2690 715 2732 At
728 2689 792 2746 prima
