1650 2790
48 60 86 100 128
286 72 329 98 (nr.
348 57 371 98 ll.
389 72 445 99 runs.
464 60 483 105 l,
500 62 519 98 2.

44 198 85 238 que
102 190 188 237 praestat
211 196 281 223 eorum
295 183 317 223 in
332 191 397 237 partes
411 184 453 234 irc,
469 184 505 238 qui
525 182 592 223 omnia
607 181 641 223 hic
655 181 757 237 proposita

44 258 69 299 nd
90 257 179 298 ciusdem
202 257 262 298 ollicii
280 258 401 315 religionem
421 261 519 301 referunt.
550 257 610 311 Quod
623 265 646 298 ut
659 257 702 312 ipse
717 257 758 298 iam

44 333 104 374 suasit
124 346 283 374 cunrsosronos
298 333 398 374 scribens:
419 335 499 389 Βοβοὶ,
513 331 596 382 ποσάκις
609 333 632 376 τό
646 330 695 374 oded
708 330 758 386 λέγει

44 408 84 451 o'nd
98 407 208 459 tuotone
220 413 304 466 πολλῆς
324 408 352 450 sic
370 423 431 450 nemo
446 424 494 450 sane
506 409 546 451 hoc
560 408 671 463 interprete
684 405 757 447 melius

44 482 124 533 docuit,
141 483 203 525 talem
221 484 274 527 lianc
289 499 331 525 non
346 498 388 524 esse
403 483 534 533 sententiam,
551 489 574 524 ut
590 496 672 524 raumnt
688 481 758 523 eadem

46 567 122 600 temere
134 567 261 615 repetentem
276 565 296 600 et
311 558 419 615 loquacem
433 558 499 600 faciat.
531 558 571 600 Sed
586 558 700 616 sigillatim,
710 573 758 615 age,

45 633 128 676 dicendi
141 635 248 685 formulas,
263 633 336 690 quibus
348 634 455 690 Apostolus
470 633 545 681 utitur,
559 634 675 675 lustremus.
706 633 759 675 Inci-

45 709 76 765 pit
91 710 154 766 igitur
175 710 201 752 ab
218 709 356 751 admonitione
367 713 401 752 ‘tvo
414 707 437 752 ed
453 708 502 752 oded
517 711 613 766 φρονῆτε,
632 708 654 749 id
670 716 710 760 est,
729 709 760 749 uti

46 793 108 841 puto,
124 791 149 827 ot
163 785 246 839 eodem,
261 786 368 843 quidquid
382 789 479 842 aegelric,
490 785 562 826 studio
575 785 693 826 docemini.
709 784 759 831 Iam,

47 862 149 917 quomodo
161 861 201 904 hoc
215 861 261 903 fieri
272 863 343 917 possit,
360 861 456 904 continuo
473 859 559 901 ostendit
573 859 639 901 verbis
651 858 687 915 τήν
699 857 761 915 adedo

47 935 127 991 ἀγάπην
138 935 227 989 ἔχοντες,
241 936 277 976 ubi
292 951 316 976 ex
331 951 370 977 usu
384 935 498 991 Participii,
512 949 637 991 quamquam
652 949 699 977 cum
711 949 761 976 orm

48 1011 142 1066 Speciem
154 1026 166 1052 a
177 1012 258 1053 Genere
273 1010 397 1066 distinguere
412 1011 504 1052 subtilius
514 1018 553 1061 est,
567 1010 683 1067 intelligere
694 1018 762 1051 tamen

47 1086 99 1128 mihi
119 1085 198 1136 videor,
219 1084 269 1127 lmeo
290 1085 424 1127 admonitioni
446 1085 577 1141 praecedenti
597 1086 697 1128 substrata
713 1101 761 1127 esse.

47 1161 107 1203 Haud
123 1160 184 1202 dubie
197 1168 266 1202 autem
278 1160 316 1202 sibi
331 1161 374 1203 rult
390 1176 460 1202 omnes
469 1162 541 1203 ecdem
554 1176 655 1219 quemque
669 1163 763 1203 caritate

49 1237 218 1294 coneplecteotes
250 1236 289 1277 Sed
306 1236 391 1277 ulterius
406 1235 529 1292 procedens,
543 1236 602 1278 huius
617 1236 704 1278 caritatis
718 1252 763 1277 mu-

50 1320 96 1353 tuae
114 1319 213 1367 tanquam
233 1312 310 1353 sontem
330 1318 350 1351 et
362 1311 462 1368 originem
475 1320 574 1354 monstrat
590 1312 697 1355 scribendo
712 1309 764 1366 σύμ-

48 1401 79 1441 ψυ
80 1405 114 1443 χοι
118 1420 125 1438 ,
138 1388 261 1437 οοοοοίοοοε,
275 1387 308 1427 rel
320 1388 352 1428 οιό
365 1404 378 1428 ο
397 1389 448 1441 coti,
463 1392 487 1428 nt
501 1403 555 1428 urreis
566 1388 664 1445 idemque
678 1390 764 1429 atzz'tnno

46 1465 103 1506 sotis
120 1463 214 1504 omrn'bns
228 1464 299 1503 estesse
313 1462 423 1505 uideatur.
454 1463 522 1518 Atque
533 1462 573 1505 lroc
588 1464 675 1506 maxime
687 1465 762 1520 patefa-

47 1554 93 1581 cere
109 1539 166 1580 iubet
179 1553 213 1588 eo,
230 1537 285 1594 quod
304 1538 344 1579 sint
358 1537 381 1580 w*
393 1539 415 1580 ἓν
429 1542 559 1594 φρονοῦντες,
573 1554 637 1580 tetrum
653 1540 761 1589 habentes,

47 1616 79 1658 od
91 1615 148 1672 qnod
159 1614 276 1671 adspirent
288 1628 359 1654 orrrtres
368 1628 413 1671 per
424 1619 490 1655 totone
500 1616 574 1656 ortam.
598 1615 641 1656 nec
653 1613 696 1655 sine
704 1628 764 1656 causa

48 1691 112 1731 utitur
126 1688 219 1730 Articulo
232 1686 266 1739 τό,
281 1688 315 1729 sed
328 1695 350 1729 ut
363 1703 407 1730 rem
415 1678 496 1731 'certam
512 1696 531 1730 et
540 1688 644 1731 definitam
656 1688 762 1746 significet.

48 1764 103 1807 Illud
117 1779 192 1819 nempe
206 1778 271 1805 unum
286 1762 323 1804 sibi
336 1764 379 1805 rnlt
396 1763 451 1820 quod
465 1765 526 1820 paulo
540 1764 625 1806 inferius
639 1765 662 1807 in
675 1779 764 1806 cunrsro

47 1840 282 1891 illustre‘fuissemonet,
295 1847 325 1890 ut,
338 1840 443 1882 communi
455 1855 477 1881 se
488 1840 575 1897 quisque
588 1841 648 1882 saluti
658 1840 763 1890 devorem,

47 1917 79 1957 rel
93 1915 118 1957 ad
135 1930 218 1957 crucem
233 1929 308 1971 usque,
324 1915 340 1956 si
352 1916 459 1957 necessitas
472 1924 539 1973 urget,
549 1916 644 1958 obediant
656 1917 705 1959 Deo.
730 1918 764 1958 Sic

48 1991 143 2046 deinceps
159 1990 232 2031 crescit
247 1990 320 2041 oratio,
333 1991 405 2033 ardore
417 1991 505 2047 pectoris
516 1992 630 2042 cumulata,
647 1992 712 2035 donec
720 2000 764 2035 tan-

49 2067 96 2108 dem
116 2065 225 2107 lectoribus
239 2066 369 2120 perfectionis
381 2075 508 2123 proponatur
522 2068 637 2124 fastigium,
655 2083 696 2124 quo
713 2069 765 2110 nihil

49 2142 115 2184 mains
130 2149 149 2182 et
162 2142 253 2197 superius
265 2142 287 2183 in
299 2149 389 2184 mentem
404 2143 473 2184 venire
487 2143 556 2198 possit.

79 2217 123 2258 lam
137 2217 229 2272 longiore
243 2223 341 2273 tanquam
352 2216 425 2258 itinere
433 2232 470 2272 per
482 2233 553 2273 aspera
564 2226 657 2274 peracto,
668 2220 766 2262 consista-

51 2308 96 2335 mus
111 2291 214 2348 paulisper
227 2291 252 2334 ad
265 2291 386 2342 ridendum,
401 2300 501 2348 quantum
515 2294 667 2348 profecerimus.
683 2294 715 2336 td
725 2295 765 2336 duo

50 2368 114 2426 igitur
130 2366 264 2409 attendendus
278 2368 358 2409 animus
371 2375 410 2409 est:
427 2382 508 2420 sensum
523 2382 604 2419 eorum,
621 2383 673 2425 quae
682 2369 713 2412 his
721 2385 766 2411 rer-

51 2444 105 2485 sibus
121 2443 263 2494 continentur,
278 2450 298 2485 et
312 2457 399 2493 nexum,
415 2457 456 2500 quo
471 2450 491 2484 et
505 2443 585 2499 singula
596 2443 650 2485 inter
663 2459 684 2486 se
692 2452 712 2486 et
720 2445 766 2487 uni-

51 2534 107 2561 versa
127 2534 175 2561 cum
194 2518 284 2562 oratione
298 2519 429 2574 praecedenti
444 2518 560 2561 cohaerent.
590 2521 705 2576 Utrumque
719 2535 766 2562 vero

51 2609 154 2649 speramus
169 2596 222 2646 fore,
238 2603 262 2636 ut
277 2594 384 2650 perspicue
397 2610 421 2635 er
433 2594 472 2636 hac
486 2594 612 2652 intelligatur
627 2596 767 2638 circumlocu-

52 2670 117 2711 tione:
135 2670 214 2728 Itopne
224 2686 272 2725 uos,
285 2676 310 2711 eet
321 2670 485 2713 (admonitionem
497 2685 576 2722 meam,
588 2687 630 2713 toto
641 2674 716 2715 animo
725 2686 766 2728 pro
