1650 2790
282 41 325 69 cnr.
340 26 375 70 IV.
392 41 448 69 vans.
467 29 499 70 10.
708 28 748 68 297

41 162 98 200 vero,
118 162 145 189 ne
160 148 215 191 notio
229 148 311 204 propria
328 163 365 205 pro
378 149 463 206 figurata
476 157 601 200 sumeretur,
624 147 750 190 infinitivum

41 223 72 264 illi
91 222 186 265 adiecisse
205 224 374 281 Epexegetieuni,
390 232 413 266 ut
431 226 455 268 ed
466 226 518 282 ὑπὲρ
531 228 583 280 ἐμοῦ
596 228 675 282 φρονεῖν
689 222 752 277 expli-

42 298 130 339 candum
148 299 182 340 sit:
204 301 310 357 negotium
328 300 373 341 colo
394 300 448 340 utilit
462 299 594 341 consulendi.
624 299 673 340 Aliis
688 297 751 355 igitur

42 373 107 415 verbis
129 375 165 415 ait:
190 376 247 416 oties
265 375 322 416 mt'dt'
335 376 462 417 consulendi
476 376 624 432 recuperastis
640 372 677 432 (l)
708 373 752 415 Pri-

38 462 76 489 mo
93 449 176 505 quidem
191 448 285 505 adspectu
299 451 376 492 facilior
393 450 473 492 ridetur
485 449 636 505 interpretatiO,
652 449 680 500 si,
694 464 752 505 prae-

43 530 104 565 eunte
119 522 188 580 Syro,
204 539 251 568 curn
271 531 377 567 1110111111
389 525 474 581 aliisque
487 525 580 569 Verbum
600 521 705 567 ἀνεθάλετε
719 539 752 565 01-

42 599 136 654 ponimus
155 600 222 642 01011110
238 602 365 658 incepistis:
386 600 419 641 sed
437 615 460 642 ea
473 600 568 656 probata,
590 608 609 641 et
622 614 703 655 prorsus
717 614 753 640 ne-

43 675 127 732 gligitur
147 676 222 726 simile,
237 675 293 732 quod
308 683 378 717 auctor
391 690 403 717 a
419 676 552 732 germinando
567 675 648 717 adrem
664 674 754 732 Ptis'tz'p-

38 752 139 807 pensitam
153 750 255 792 transtulit
268 757 288 791 et
301 749 410 802 Antithesi,
427 765 479 807 quae
489 752 560 795 Verbis
569 756 647 808 φρονεῖν
661 757 680 791 01
694 752 754 806 ἐφρο-

43 829 110 868 νεῖσθε
124 826 186 877 inest,
199 825 227 867 ris
241 840 276 866 sua
289 824 396 876 adimitur,
410 826 448 868 nisi
463 827 563 869 formulae
577 822 609 881 ἐφ’
622 818 638 885 ᾦ
651 825 755 866 notionem

42 900 129 942 alienam
142 901 240 958 affingere
254 900 344 945 velimus.

72 974 173 1015 Nimirum
196 976 313 1031 Apostolus,
340 991 388 1018 cum
412 977 441 1018 sic
461 976 614 1033 progrediatur:
636 976 669 1032 ἐφ’
687 970 704 1034 ᾦ
722 976 755 1017 καὶ

43 1049 150 1105 ἐφρονεῖτε,
164 1050 298 1091 Praeteritum
312 1051 385 1093 diserte
399 1052 481 1108 opponit
490 1052 598 1094 Praesenti.
614 1050 755 1107 Declaratigi-

43 1130 77 1164 tur
90 1123 246 1183 Philippenses
256 1126 297 1167 sibi
309 1125 350 1169 iam
364 1135 424 1170 antea
437 1128 567 1169 cousuluisse.
585 1127 637 1168 llam
644 1141 682 1181 per
689 1125 756 1167 breri-

43 1198 169 1254 loquentiam
184 1200 283 1255 scriptum
296 1215 338 1242 esse
352 1203 450 1259 ἐφρονεῖτε
463 1216 500 1257 pro
516 1204 614 1260 ἐφρονεῖτε
628 1201 679 1258 ὑπὲρ
692 1203 756 1255 ἐμοῦ,

42 1273 86 1329 ipsa
106 1273 165 1316 docet
181 1275 274 1317 orationis
290 1276 356 1318 series.
386 1276 503 1318 Formulam
521 1276 575 1333 quod
593 1276 664 1318 attinet
681 1275 713 1331 ἐφ’
729 1293 757 1334 φ,

44 1363 126 1390 narrare
140 1350 243 1393 infinitum
260 1351 296 1401 sit,
309 1366 372 1408 quam
385 1350 516 1393 vehementer
528 1352 687 1396 1111.]111.111101
699 1366 720 1392 se
732 1350 757 1392 de

44 1438 67 1465 ea
87 1423 210 1480 discrepent,
233 1432 256 1466 111
273 1425 307 1467 alii
324 1440 368 1468 eam
383 1426 543 1482 interpretentur
560 1426 587 1468 dc
602 1442 653 1484 quo,
676 1427 711 1468 alii
727 1426 759 1467 cd

44 1500 111 1556 qnod,
134 1501 169 1542 alii
187 1516 230 1558 qno
248 1501 274 1542 etc
294 1516 319 1543 rc
336 1507 418 1552 tannen,
434 1502 468 1542 alii
482 1517 624 1560 qrcoinqnam,
640 1502 674 1544 alii
692 1502 757 1543 aliter.

44 1574 84 1616 Sed
96 1575 153 1617 nulla
162 1590 222 1618 causa
235 1583 263 1617 est
275 1575 396 1618 deserendae
405 1577 684 1634 notionisqnemectmoctum,
695 1591 758 1632 quem

45 1665 106 1705 supra
120 1650 146 1692 ad
160 1651 206 1707 Cap.
221 1651 257 1692 III:
268 1654 293 1693 12
304 1651 504 1713 interpretationibus
518 1652 758 1708 centumcentumn

45 1732 113 1767 autem
132 1726 234 1782 sequitur,
250 1714 333 1767 renium
348 1726 490 1782 praecedentia
504 1727 533 1769 sic
547 1727 678 1786 emollivisse:
709 1726 759 1769 iton

46 1803 142 1858 scripsi:
160 1801 247 1843 tandem
262 1802 381 1863 aliqnando
396 1803 537 1844 consuluistis
552 1801 617 1855 uitta,
638 1802 692 1843 sect:
711 1807 760 1842 teu-

47 1877 93 1918 atem
110 1876 230 1934 aliquando
246 1878 304 1918 eires
322 1877 378 1919 midi
395 1877 521 1920 consulendi
533 1880 694 1935 recuperastis:
710 1893 761 1919 con-

47 1953 148 1993 sctotstts
163 1954 217 1993 enim
231 1953 277 1993 iem
289 1957 360 1994 attica.
391 1952 468 1994 Eodem
479 1952 531 1994 redit
545 1967 627 2003 sensus,
642 1952 659 1994 si
672 1953 762 1995 formula

46 2021 79 2079 ἐφ’
92 2017 109 2083 ql
122 2027 420 2085 explicaturqzccrcdoqnidcm.
436 2028 493 2081 Quae
504 2042 552 2070 cum
564 2027 592 2069 ita
606 2027 653 2078 sint,
665 2043 708 2070 non
718 2044 761 2071 am·
783 2019 789 2024 i

46 2101 100 2156 plius
118 2102 200 2144 difficile
218 2102 275 2144 dictu
289 2109 327 2153 est,
343 2102 393 2159 quid
407 2102 446 2144 sibi
457 2102 520 2143 velint
532 2109 635 2158 postrema
647 2104 762 2160 ἠκαιρεῖσθε

47 2177 76 2219 es.
103 2178 167 2221 llaec¹
176 2178 242 2229 enim,
257 2178 273 2219 si
287 2177 337 2235 quid
351 2177 420 2229 rideo,
435 2176 558 2233 respondent
571 2178 708 2234 superioribus
718 2174 775 2234 idq

47 2252 95 2295 ποτὲ
108 2251 215 2297 ἀνεθάλετε
220 2287 227 2306 ‚
247 2253 420 2310 quemadmodum
440 2253 543 2294 Praesenti
562 2259 641 2310 φρονεῖν
658 2254 762 2295 Acristum

47 2330 151 2385 ἐφρονεῖτε.
178 2329 242 2386 Atqui
260 2344 283 2371 eo
298 2329 362 2385 posito
379 2329 479 2371 falluntur
499 2326 555 2370 haud
574 2343 643 2378 secus,
661 2335 763 2385 quotquot

48 2403 126 2445 auctori
139 2402 193 2447 hanc
207 2412 297 2449 mentem
307 2404 410 2454 tribuunt,
421 2402 577 2461 Philippenses
588 2402 703 2459 ignorantia
714 2404 762 2455 loci,

71 2576 97 2620 (t)
116 2577 219 2610 01111111.
237 2589 252 2621 p.
271 2580 310 2611 298.
330 2580 430 2610 1111111111.
442 2589 458 2620 p.
471 2580 504 2610 351
515 2590 550 2622 sqq.
570 2578 592 2608 tte
604 2579 619 2608 11
631 2578 707 2611 formulae
719 2579 765 2625 ὑπὲρ

50 2641 94 2681 ἐμοῦ
108 2646 180 2684 φρονεῖν
193 2640 259 2672 diximus
270 2652 286 2683 p,
300 2643 328 2674 50.
354 2642 425 2672 Ceterum
437 2639 497 2681 legatur
509 2651 571 2684 quaque
583 2641 627 2672 lton.
641 2642 684 2673 Tcst.
698 2644 743 2684 l'utp
