1650 2790
324 58 368 84 (tlt).
384 44 418 86 lll.
435 59 490 85 runs.
510 47 541 87 lc.
749 49 791 87 3251

79 159 105 202 ad
120 159 161 201 sola
182 162 278 204 vocabula
298 164 320 205 ἐν
334 159 388 220 δόξῃ.
416 164 537 206 Huiusmodi
552 172 654 209 structura
669 165 725 209 haud
747 181 792 209 raro

79 235 134 291 apud
153 233 291 280 Hellenistos
307 246 327 280 ct
348 239 414 294 ipsum
435 256 516 283 rancun
536 242 658 299 requiritur,
681 243 697 284 si
714 242 736 283 in
752 257 791 284 una

80 309 191 366 eademqne
206 313 305 354 sententia
319 313 396 355 duabus
413 316 501 356 tribusve
515 324 602 357 utuntur
616 316 697 359 dicendi
713 318 792 358 formu-

79 384 102 425 lis
117 401 129 427 a
142 385 290 442 Praepositione
307 385 329 426 ἒν
341 389 492 445 incipientibus.
524 392 620 448 Exempla
634 392 739 435 attulimus
754 407 792 433 su-

80 474 116 514 pra
130 459 155 501 ad
169 461 215 515 Cap.
230 462 250 502 I:
267 465 301 505 26.
331 464 374 505 Iam
388 464 418 505 his
436 466 559 516 constitutis,
572 466 684 522 expeditior
697 468 791 509 orationis

80 533 118 574 erit
138 533 282 592 interpretatio.
313 538 334 578 Si
355 539 410 579 euim
429 546 484 581 recto
504 539 660 595 disputavimus,
676 556 717 583 non
732 542 791 584 facilc

80 609 166 652 dubitari
184 619 259 667 potest,
282 612 332 668 quin
346 613 436 668 priorem
451 614 493 655 eius
508 623 588 670 partem
606 616 634 657 sic
649 617 742 672 accipere
755 617 791 658 de-

79 684 172 726 beamus:
189 686 249 728 Dcus
262 701 312 727 cero
326 688 377 737 illc,
393 690 432 744 ραί
444 703 512 730 oneum
528 692 578 747 ogit
591 704 678 732 corisum
692 689 735 747 (1),
756 705 790 732 sc—

79 760 170 803 oiozdom
187 777 249 803 suant
265 762 364 804 botrorum
379 763 548 818 commolentium,
569 766 675 817 oratoribus,
692 781 747 824 ρααα
758 781 791 808 αν-

79 838 112 877 dt's
127 840 253 879 accessorio
267 843 328 887 stou,
348 853 384 878 vos
400 839 503 895 zitqtledt't.
535 840 630 891 Quaestio
651 848 733 882 tantum
752 849 791 890 est,

79 918 149 952 utrum
170 914 297 954 necessario
317 911 351 953 illa
374 927 439 953 unum
461 921 554 967 spectent
576 928 668 972 cooptet,
687 930 713 957 an
732 916 791 956 etiam

79 989 178 1029 uotorum.
209 988 253 1029 Hoc
270 987 377 1029 recentiori
393 988 480 1029 marinae
495 996 559 1030 aetate
578 990 668 1044 placuit,
682 991 713 1031 uti
727 1005 793 1032 sran-

80 1077 129 1112 uro,
153 1076 299 1112 nurnurcnsro,
316 1076 474 1112 nnmnwsnno,
492 1077 632 1105 intrauissro:
649 1064 700 1105 illud
719 1079 793 1105 canvi-

79 1153 118 1189 νο,
140 1153 246 1189 noscano,
261 1152 330 1188 osric,
349 1152 429 1180 catomo
443 1145 463 1179 et
476 1138 579 1194 plerisque
597 1139 744 1196 Interpretibus
759 1154 794 1180 an·

81 1213 211 1269 tiquioribus,
234 1227 284 1267 quos
304 1220 383 1267 praeter
404 1213 452 1254 alios
471 1214 540 1254 Patres
561 1214 663 1256 Ecclesiae
685 1214 793 1270 praecessit

82 1302 254 1337 cnursosrotrus‚
277 1287 302 1329 ad
323 1287 383 1328 verba
402 1283 501 1343 πληρώσει
518 1289 587 1329 πᾶσαν
600 1288 670 1343 χρείαν
683 1288 742 1341 ὑμῶν
759 1289 793 1330 ad-

80 1364 180 1406 scribens:
197 1359 247 1406 adun
259 1360 289 1417 μή
303 1359 350 1403 εἶναι
364 1363 385 1403 ἐν
399 1360 474 1417 ἐνδείᾳ,
487 1358 539 1401 o'ttd
551 1359 577 1402 zo*
590 1360 639 1416 αρός
651 1361 721 1416 χρείαν
733 1359 791 1415 ἔχειν.

80 1440 122 1494 Ego
137 1444 203 1479 utram
222 1438 244 1478 in
258 1443 336 1493 partem
350 1436 401 1476 irem
415 1434 540 1490 aliquamdiu
555 1449 628 1489 anceps
643 1435 709 1485 haesi,
727 1436 792 1478 donec

79 1513 124 1568 plus
142 1527 184 1554 uno
200 1519 321 1569 argumento
341 1510 393 1552 milri
410 1508 575 1565 persuaderetur,
596 1516 671 1552 rectam
688 1511 742 1553 viam
759 1511 793 1552 iu-

80 1602 156 1645 gresscs
176 1602 217 1629 esse
239 1601 407 1629 cnnrsosrcuunr
427 1593 447 1626 et
467 1586 503 1640 qui
524 1599 572 1626 cum
603 1600 626 1625 ec
647 1586 792 1628 consentirent.

79 1662 181 1704 Nimirum
195 1677 232 1703 rou
247 1663 314 1719 χρεία,
330 1661 360 1702 uti
371 1661 409 1702 hac
423 1661 444 1700 in
460 1660 548 1715 Epistola
560 1659 606 1714 Gap.
619 1660 650 1701 Il:
666 1663 700 1703 25.
713 1661 748 1704 tt:
757 1664 791 1711 16,

80 1737 107 1778 ita
127 1737 149 1777 in
166 1737 209 1778 aliis
224 1751 286 1779 asom
301 1736 379 1791 scriptis
394 1750 417 1776 ea
431 1742 522 1785 tantum,
540 1749 594 1790 quoe
610 1734 642 1775 αιί
653 1738 731 1777 victum
751 1751 792 1778 αα-

79 1814 178 1854 ccssart'a
193 1818 255 1862 suot,
270 1825 373 1866 nusquam
384 1823 431 1851 vero
446 1810 516 1850 αανανί
526 1809 580 1849 ὂναα
594 1808 700 1864 siguificat.
716 1810 793 1852 Eadem

79 1887 198 1944 significatio
219 1886 309 1928 cernitur
323 1886 345 1926 in
361 1884 409 1926 locis
426 1883 549 1939 scriptorum
568 1890 694 1933 exterorum,
709 1900 720 1926 a
733 1902 794 1929 tvm.

79 1977 152 2003 srrnro
168 1962 245 2011 allatis,
263 1961 299 2002 ubi
313 1961 391 2016 integra
406 1965 469 2000 exstat
485 1958 573 1999 formula
585 1962 674 2013 πληροῦν
687 1959 723 2014 τήν
739 1961 793 2015 χρεί-

80 2055 104 2079 αν
117 2054 174 2086 τινος.
207 2037 232 2077 Et
252 2034 291 2077 hoo
309 2041 363 2076 certe
382 2034 404 2075 in
418 2048 477 2074 versu
494 2047 583 2082 raucus,
601 2032 617 2072 si
636 2033 686 2088 quid
706 2033 792 2088 amplius

80 2112 118 2153 sibi
141 2112 211 2160 uellet,
234 2110 291 2153 aliter
310 2116 401 2151 mentem
419 2109 555 2164 explicaturus
574 2109 634 2150 fuisse
654 2108 744 2157 ridetur,
766 2124 793 2150 ne

80 2187 143 2227 oratio
170 2185 291 2242 praecedens
317 2185 414 2226 lectorem
435 2183 543 2238 deciperet.
578 2183 649 2238 Neque
670 2183 759 2229 alienam
775 2184 792 2224 ci

80 2259 162 2300 obtrudi
179 2260 309 2309 sententiam,
325 2258 342 2299 si
354 2257 388 2300 liic
403 2260 528 2300 necessario
543 2257 573 2298 ad
586 2260 663 2299 oretum
677 2257 793 2313 intelligan-

80 2342 124 2383 tur,
147 2334 206 2377 dccet
227 2335 304 2377 dictum
327 2333 419 2374 similc2
440 2332 489 2376 Cor.
507 2333 546 2373 IX:
563 2334 575 2372 7
592 2346 635 2388 sqq.
667 2331 707 2385 Qui
724 2340 793 2374 autom

81 2409 212 2460 dissentiunt,
234 2426 276 2453 non
295 2408 363 2459 video,
384 2408 434 2465 quid
453 2407 483 2448 liis
503 2406 613 2450 rationibus
627 2421 743 2462 opponere,
759 2414 793 2448 aut

80 2484 182 2540 quomodo
196 2500 276 2528 causam
292 2499 348 2527 suam
364 2483 416 2525 tucri
431 2483 514 2539 possint.

103 2642 129 2687 (l)
141 2642 172 2680 cd.
185 2645 245 2677 onrnino
258 2652 328 2677 radamus.
340 2655 356 2686 p.
370 2644 401 2674 102
415 2648 430 2673 ct
442 2652 481 2684 quoe
494 2641 607 2684 disputasimus
620 2640 639 2672 od
651 2643 687 2684 Cap.
701 2644 717 2674 1:
730 2644 746 2674 3.
