1650 2790
328 41 442 68 rurnorrus.
661 22 664 27 ’
728 30 740 68 3

30 152 102 193 mliem
117 150 195 192 dincrit.
219 152 300 191 Frustra
316 151 370 191 enim
386 150 440 205 apud
455 152 560 206 scriptores
576 150 670 192 orationis
686 151 742 191 solu-

31 236 61 268 rae
80 233 202 283 quaerentur
223 226 264 267 loci
282 226 366 274 similes,
383 225 437 267 unde
452 226 590 284 interpretatio
605 226 641 267 illa
655 225 742 269 Articuli

31 302 112 357 (1111111111
126 301 192 357 possit.
214 301 283 355 Quid?
299 300 353 359 quod
369 316 466 345 1111111111
484 301 513 359 (1)
531 302 646 344 luculenter
662 301 742 350 docuit,

30 377 86 419 lrunc
107 377 148 419 eius
169 392 229 419 usum
248 377 304 419 libris
325 377 375 418 Novi
394 378 517 419 Testamenti
531 391 638 432 perperam
654 375 742 418 obtrudi.

29 454 54 494 Et
69 452 174 509 perspicue
190 451 250 495 tradit
258 467 324 495 rivius
334 450 378 510 (2),
391 452 534 512 Amphipolin
544 451 570 492 ab
583 465 669 493 suniero
677 466 743 494 rnuno

30 534 91 583 caput
113 528 190 583 primae
213 529 300 584 regionis
323 526 467 572 Macedoniae
486 528 561 569 factam
581 541 629 568 esse.
659 527 744 572 Temere

30 610 99 645 autem
109 604 204 645 nonnulli
212 617 260 646 cum
268 616 391 645 wersruuro
401 600 431 660 (3)
440 609 565 651 sumserunt,
574 601 711 658 principatum
719 602 744 642 ah

30 677 168 736 Amphipoli,
189 684 234 733 post
251 677 354 732 proelium
372 676 513 733 Philippense,
534 676 560 717 ad
575 675 692 734 Philippos
708 691 745 717 re-

31 754 89 795 nisse.
106 751 181 809 'lllagis
197 768 217 794 se
232 751 287 793 haud
303 751 364 793 dubie
380 752 509 795 commendat
524 752 675 808 interpretatio,
691 753 745 796 Viris

31 828 97 870 Doctis
112 826 173 869 hodie
187 828 231 869 fere
246 827 370 876 communis,
387 836 410 868 ut
423 827 531 883 appellatio
538 829 629 886 ,prz'nzoe
637 827 698 868 ortis
707 826 746 867 lto·

30 904 92 944 noris
107 910 187 945 tantum
202 902 296 945 hahendo
311 902 336 943 sit
352 903 440 955 titulos,
451 903 501 943 iuris
516 902 581 944 Italici
595 903 683 945 causain
692 902 746 945 Plri-

31 978 102 1036 lqopos
118 976 194 1020 delatus
209 975 247 1036 (4).
271 977 312 1019 Sed
327 984 382 1019 recte
397 993 418 1019 se
433 992 541 1020 nurrierus
551 975 581 1036 (5)
598 976 648 1020 huic
663 986 747 1020 senten-

32 1053 70 1096 tiae
87 1068 200 1110 0pponens,
216 1053 297 1095 nullum
312 1053 414 1094 vetustatis
430 1067 472 1094 esse
485 1053 513 1094 ait
525 1061 694 1104 monumentum,
708 1069 746 1095 un·
771 1085 773 1090 .

32 1127 58 1168 de
73 1134 161 1178 constet,
177 1127 233 1171 hunc
248 1127 329 1170 honoris
344 1128 428 1170 titulum
442 1128 480 1168 ulli
492 1128 549 1177 urbi,
563 1142 616 1184 quae
628 1127 747 1171 nondsine

31 1205 84 1244 'esset
99 1204 201 1255 minoris,
218 1203 322 1260 obtigisse3
339 1217 378 1245 nec
391 1218 500 1245 nummum
512 1203 588 1245 alicnlri
600 1204 707 1260 antiquum
715 1218 746 1244 re-

32 1286 114 1333 pertum
129 1293 181 1330 esse,
197 1286 232 1320 aut
246 1279 346 1335 lapidem,
363 1279 400 1335 qui
415 1293 462 1320 eum
478 1280 500 1321 in
515 1280 583 1321 fronte
596 1280 665 1321 ferret.
685 1279 748 1321 Dein-

33 1353 69 1403 de,
86 1368 134 1395 cuno
149 1354 278 1410 appellationi
289 1356 379 1412 prr'ruoe
394 1355 455 1396 ordis
472 1354 503 1395 rel
519 1355 580 1396 urta
595 1357 653 1397 inrz's
669 1354 748 1397 Irolz'n'

33 1429 78 1483 plus
97 1429 154 1478 insit,
175 1443 237 1485 quam
251 1430 361 1479 colonien·
384 1445 446 1473 nuens
462 1445 519 1480 sane,
540 1430 556 1470 si
571 1429 623 1471 nihil
638 1430 694 1471 aliud
709 1414 748 1472 sihi

35 1505 106 1554 vellet,
130 1519 192 1561 quam
216 1520 263 1547 eum
286 1520 342 1554 nuno
365 1506 427 1562 vulgo
450 1505 552 1547 dicentem
573 1505 749 1555 tantunacoeem

35 1576 119 1624 torona
138 1579 242 1623 Adiectivo
264 1579 334 1641 πρώτη
353 1582 503 1638 praepositurus
526 1565 586 1622 fuisse
609 1579 688 1622 videtur
711 1578 749 1638 ().

35 1655 89 1712 Ergo
111 1657 258 1698 transeundum
281 1665 310 1698 est
331 1658 353 1699 iu
375 1671 445 1699 eorum
467 1664 556 1713 partem,
573 1656 608 1712 qui
624 1662 694 1698 notam
715 1655 750 1697 hic

36 1730 198 1787 Geograplricam
217 1732 258 1788 legi
277 1740 381 1788 putantes,
401 1733 518 1789 primariam
534 1732 638 1773 notionem
652 1730 751 1773 Adiectiri

36 1808 104 1863 πρώτη
118 1807 206 1854 retinere
221 1808 298 1850 iulient.
318 1809 391 1865 Neque
403 1808 425 1850 hi
440 1815 509 1850 tamen
525 1806 594 1850 omnes
607 1809 660 1849 inter
673 1821 694 1848 se
702 1821 750 1848 con-

36 1881 130 1932 reniunt,
154 1890 189 1923 aut
211 1883 233 1923 in
256 1883 347 1924 medium
368 1884 466 1933 afferunt,
490 1882 545 1940 quod
567 1883 611 1939 quis
630 1889 674 1923 tuto
692 1881 750 1939 sequi

36 1956 103 2010 possit.
140 1956 215 2012 Utique
241 1964 292 1998 stare
318 1958 389 2014 nequit
406 1956 514 1998 ‘iudicium
540 1971 646 1999 nnnrnnm
670 1971 750 1998 conuu-

59 2093 83 2139 (l)
96 2098 183 2129 Grammot.
197 2098 225 2130 des
237 2096 453 2140 1111111111.591111111111111,
469 2097 497 2128 Ed.
511 2099 527 2128 l.
540 2109 556 2139 p.
570 2099 613 2140 134,
625 2098 664 2129 135.

60 2156 85 2200 (ἓ)
97 2157 144 2189 Hist.
155 2157 190 2190 Lib.
203 2159 247 2190 XLV.
261 2170 295 2201 cap⁴
307 2160 335 2190 29.

60 2216 83 2261 (3)
96 2220 138 2251 Neo.
150 2218 197 2251 Tort.
212 2221 273 2252 Gracco
286 2220 305 2252 ad
316 2220 332 2251 li.
345 2220 357 2251 l.

60 2278 84 2323 (4)
96 2281 178 2323 11111111,
192 2282 251 2313 irretio
265 2283 324 2315 leeot.
335 2280 407 2325 Sctn'ft.
419 2295 437 2326 p.
448 2284 486 2315 170.
508 2284 579 2325 Hersen,
593 2283 622 2315 der
634 2284 700 2324 Aperiat
712 2290 751 2313 rru-

36 2348 70 2383 un,
86 2344 122 2374 sein
138 2343 191 2374 Leton
210 2349 240 2374 etc¹
256 2343 347 2386 hernusgeg.
362 2356 393 2376 von
410 2348 465 2376 iussn.
483 2355 500 2387 p.
514 2345 547 2375 665
558 2354 592 2387 sqq.
616 2345 703 2384 llIrTTHIES,
717 2345 752 2376 Er-

37 2402 80 2433 lrlitr.
100 2404 117 2434 d.
135 2404 201 2444 Brioscs
218 2404 271 2436 Pauo
281 2416 297 2436 o.
311 2407 327 2437 d.
339 2406 415 2449 Philipp.
428 2417 445 2449 p.
458 2407 502 2447 1,2.
526 2407 607 2447 enniana,
622 2406 694 2437 Etrzloil.
705 2407 723 2437 in
735 2405 753 2437 d.

38 2464 61 2496 Ν.
76 2465 98 2497 T·
110 2465 152 2498 tom.
165 2466 179 2498 Ι,
191 2467 234 2499 Part.
245 2467 262 2498 2.
275 2478 290 2509 p.
302 2467 346 2509 418,
359 2468 398 2499 419.

61 2523 84 2569 (5)
98 2527 205 2565 Quaestioncs
217 2528 292 2572 Philipp.
304 2540 320 2572 p.
332 2530 352 2571 5,
365 2530 381 2560 6.

61 2586 85 2631 (6)
97 2588 161 2620 osirin.
178 2597 219 2621 ress.
236 2596 306 2622 otram.
320 2592 385 2633 Diqost.
394 2588 395 2592 ’
404 2590 439 2622 tin.
450 2592 465 2621 L.
479 2591 509 2623 Tit.
519 2590 569 2632 15(
584 2593 598 2633 t,
612 2592 627 2634 o,
641 2591 656 2620 8.
670 2593 694 2622 Cl‘.
708 2580 753 2622 sirn-

38 2656 74 2691 zuu,
88 2651 145 2683 Atriis
158 2650 173 2681 d.
187 2652 232 2682 rtem.
245 2654 327 2695 Antiqotr.
340 2663 355 2694 p.
369 2653 398 2682 26l
415 2662 449 2695 sqq.

625 2719 634 2754 ¹,
645 2718 658 2743 ,
