<?xml version="1.0" encoding="UTF-8"?>
<!DOCTYPE html PUBLIC "-//W3C//DTD XHTML 1.0 Transitional//EN"
    "http://www.w3.org/TR/xhtml1/DTD/xhtml1-transitional.dtd">
<html xmlns="http://www.w3.org/1999/xhtml" xml:lang="en" lang="en">
 <head>
  <title>
</title>
<meta http-equiv="Content-Type" content="text/html;charset=utf-8" />
  <meta name='ocr-system' content='tesseract 3.04.00' />
  <meta name='ocr-capabilities' content='ocr_page ocr_carea ocr_par ocr_line ocrx_word'/>
</head>
<body>
  <div class='ocr_page' id='page_1' title='image "./MN41518ucmf_1_0162.png"; bbox 0 0 1650 2790; ppageno 0'>
   <div class='ocr_carea' id='block_1_1' title="bbox 66 70 512 118">
    <p class='ocr_par' dir='ltr' id='par_1_1' title="bbox 66 70 512 118">
     <span class='ocr_line' id='line_1_1' title="bbox 66 70 512 118; baseline -0.004 -3"><span class='ocrx_word' id='word_1_1' title='bbox 66 77 106 118; x_wconf 80' lang='lat'>138</span> <span class='ocrx_word' id='word_1_2' title='bbox 324 85 369 112; x_wconf 75' lang='lat' dir='ltr'>car.</span> <span class='ocrx_word' id='word_1_3' title='bbox 381 70 408 112; x_wconf 86' lang='lat' dir='ltr'>fl.</span> <span class='ocrx_word' id='word_1_4' title='bbox 422 83 478 113; x_wconf 80' lang='lat' dir='ltr'>vrrs.</span> <span class='ocrx_word' id='word_1_5' title='bbox 493 73 512 113; x_wconf 87' lang='lat'>5.</span> 
     </span>
    </p>
   </div>
   <div class='ocr_carea' id='block_1_2' title="bbox 64 193 794 930">
    <p class='ocr_par' dir='ltr' id='par_1_2' title="bbox 64 193 794 930">
     <span class='ocr_line' id='line_1_2' title="bbox 64 193 774 255; baseline -0.007 -14"><span class='ocrx_word' id='word_1_6' title='bbox 64 202 143 255; x_wconf 71' lang='grc' dir='ltr'><em>φρονεῖν</em></span> <span class='ocrx_word' id='word_1_7' title='bbox 156 194 247 238; x_wconf 90' lang='lat' dir='ltr'>nonnisi</span> <span class='ocrx_word' id='word_1_8' title='bbox 261 194 287 236; x_wconf 90' lang='lat' dir='ltr'>de</span> <span class='ocrx_word' id='word_1_9' title='bbox 301 193 384 237; x_wconf 89' lang='lat' dir='ltr'>homine</span> <span class='ocrx_word' id='word_1_10' title='bbox 390 196 470 252; x_wconf 82' lang='lat' dir='ltr'>vulgari</span> <span class='ocrx_word' id='word_1_11' title='bbox 479 202 534 237; x_wconf 89' lang='lat' dir='ltr'>recte</span> <span class='ocrx_word' id='word_1_12' title='bbox 548 196 642 250; x_wconf 86' lang='lat' dir='ltr'>usurpari</span> <span class='ocrx_word' id='word_1_13' title='bbox 655 209 719 251; x_wconf 87' lang='lat' dir='ltr'>posse.</span> <span class='ocrx_word' id='word_1_14' title='bbox 735 194 774 236; x_wconf 84' lang='lat' dir='ltr'>Sed</span> 
     </span>
     <span class='ocr_line' id='line_1_3' title="bbox 64 269 775 327; baseline -0.003 -12"><span class='ocrx_word' id='word_1_15' title='bbox 64 274 103 315; x_wconf 86' lang='lat' dir='ltr'>hoc</span> <span class='ocrx_word' id='word_1_16' title='bbox 114 271 209 327; x_wconf 90' lang='lat' dir='ltr'>scrupulo</span> <span class='ocrx_word' id='word_1_17' title='bbox 225 285 267 313; x_wconf 88' lang='lat' dir='ltr'>non</span> <span class='ocrx_word' id='word_1_18' title='bbox 280 269 398 312; x_wconf 86' lang='lat' dir='ltr'>laborarunt</span> <span class='ocrx_word' id='word_1_19' title='bbox 404 286 545 323; x_wconf 72' lang='lat' dir='ltr'>cirrnnnnrus,</span> <span class='ocrx_word' id='word_1_20' title='bbox 554 286 646 313; x_wconf 75' lang='lat' dir='ltr'>cursuros</span> <span class='ocrx_word' id='word_1_21' title='bbox 654 285 775 320; x_wconf 82' lang='lat' dir='ltr'>scnnrorus,</span> 
     </span>
     <span class='ocr_line' id='line_1_4' title="bbox 64 344 777 404; baseline -0.001 -14"><span class='ocrx_word' id='word_1_22' title='bbox 64 361 158 390; x_wconf 79' lang='lat' dir='ltr'>wonrrus</span> <span class='ocrx_word' id='word_1_23' title='bbox 171 344 215 404; x_wconf 85' lang='lat'>(1),</span> <span class='ocrx_word' id='word_1_24' title='bbox 228 345 268 388; x_wconf 88' lang='lat' dir='ltr'>alii.</span> <span class='ocrx_word' id='word_1_25' title='bbox 285 345 361 387; x_wconf 81' lang='lat' dir='ltr'>Eodem</span> <span class='ocrx_word' id='word_1_26' title='bbox 374 353 444 387; x_wconf 89' lang='lat' dir='ltr'>autem</span> <span class='ocrx_word' id='word_1_27' title='bbox 457 347 528 398; x_wconf 87' lang='lat' dir='ltr'>modo,</span> <span class='ocrx_word' id='word_1_28' title='bbox 541 347 613 391; x_wconf 78' lang='lat' dir='ltr'>Verbis</span> <span class='ocrx_word' id='word_1_29' title='bbox 626 344 777 402; x_wconf 65' lang='grc' dir='ltr'><em>σκανδαλισθή-</em></span> 
     </span>
     <span class='ocr_line' id='line_1_5' title="bbox 64 419 776 480; baseline -0.004 -14"><span class='ocrx_word' id='word_1_30' title='bbox 64 439 143 474; x_wconf 77' lang='grc' dir='ltr'><em>σονται,</em></span> <span class='ocrx_word' id='word_1_31' title='bbox 158 423 278 479; x_wconf 68' lang='grc' dir='ltr'><em>χαρίζεσθε,</em></span> <span class='ocrx_word' id='word_1_32' title='bbox 292 419 377 480; x_wconf 62' lang='lat' dir='ltr'>{apenos</span> <span class='ocrx_word' id='word_1_33' title='bbox 391 420 465 463; x_wconf 79' lang='lat' dir='ltr'>Marc.</span> <span class='ocrx_word' id='word_1_34' title='bbox 478 423 537 466; x_wconf 89' lang='lat' dir='ltr'>XIV:</span> <span class='ocrx_word' id='word_1_35' title='bbox 552 424 587 465; x_wconf 83' lang='grc'>29.</span> <span class='ocrx_word' id='word_1_36' title='bbox 604 424 616 463; x_wconf 87' lang='grc'>2</span> <span class='ocrx_word' id='word_1_37' title='bbox 634 421 684 465; x_wconf 80' lang='lat' dir='ltr'>Gor.</span> <span class='ocrx_word' id='word_1_38' title='bbox 696 422 726 463; x_wconf 87' lang='lat' dir='ltr'>II:</span> <span class='ocrx_word' id='word_1_39' title='bbox 742 423 776 465; x_wconf 85' lang='lat'>10.</span> 
     </span>
     <span class='ocr_line' id='line_1_6' title="bbox 66 492 778 553; baseline -0.004 -13"><span class='ocrx_word' id='word_1_40' title='bbox 66 502 78 540; x_wconf 85' lang='lat'>2</span> <span class='ocrx_word' id='word_1_41' title='bbox 94 498 150 540; x_wconf 83' lang='grc' dir='ltr'><em>Τιἰνι.</em></span> <span class='ocrx_word' id='word_1_42' title='bbox 170 498 189 539; x_wconf 91' lang='lat' dir='ltr'>I:</span> <span class='ocrx_word' id='word_1_43' title='bbox 209 501 221 540; x_wconf 90' lang='lat'>5</span> <span class='ocrx_word' id='word_1_44' title='bbox 239 495 417 553; x_wconf 75' lang='lat' dir='ltr'>praecedentibus,</span> <span class='ocrx_word' id='word_1_45' title='bbox 436 492 547 538; x_wconf 78' lang='lat' dir='ltr'>reticentur</span> <span class='ocrx_word' id='word_1_46' title='bbox 566 493 778 552; x_wconf 69' lang='grc' dir='ltr'><em>σκανδαλισθήσομαι,</em></span> 
     </span>
     <span class='ocr_line' id='line_1_7' title="bbox 65 570 779 631; baseline -0.007 -15"><span class='ocrx_word' id='word_1_47' title='bbox 65 574 153 631; x_wconf 70' lang='grc' dir='ltr'>χαρίζου,</span> <span class='ocrx_word' id='word_1_48' title='bbox 167 575 239 616; x_wconf 78' lang='grc' dir='ltr'><em>ἐνοικεῖ.</em></span> <span class='ocrx_word' id='word_1_49' title='bbox 273 571 358 612; x_wconf 79' lang='lat' dir='ltr'>Silentia</span> <span class='ocrx_word' id='word_1_50' title='bbox 378 570 467 628; x_wconf 87' lang='lat' dir='ltr'>denique</span> <span class='ocrx_word' id='word_1_51' title='bbox 488 573 650 628; x_wconf 79' lang='lat' dir='ltr'>praetermittere</span> <span class='ocrx_word' id='word_1_52' title='bbox 669 587 711 613; x_wconf 89' lang='lat' dir='ltr'>non</span> <span class='ocrx_word' id='word_1_53' title='bbox 731 571 779 612; x_wconf 86' lang='lat' dir='ltr'>licet</span> 
     </span>
     <span class='ocr_line' id='line_1_8' title="bbox 65 646 779 703; baseline -0.003 -13"><span class='ocrx_word' id='word_1_54' title='bbox 65 649 190 691; x_wconf 83' lang='lat' dir='ltr'>Particulam</span> <span class='ocrx_word' id='word_1_55' title='bbox 210 649 253 699; x_wconf 81' lang='grc' dir='ltr'><em>καί,</em></span> <span class='ocrx_word' id='word_1_56' title='bbox 268 646 344 703; x_wconf 89' lang='lat' dir='ltr'>quippe</span> <span class='ocrx_word' id='word_1_57' title='bbox 364 648 449 690; x_wconf 88' lang='lat' dir='ltr'>orationi</span> <span class='ocrx_word' id='word_1_58' title='bbox 466 662 508 690; x_wconf 91' lang='lat' dir='ltr'>non</span> <span class='ocrx_word' id='word_1_59' title='bbox 521 648 629 698; x_wconf 75' lang='lat' dir='ltr'>insertam,</span> <span class='ocrx_word' id='word_1_60' title='bbox 642 655 666 688; x_wconf 90' lang='lat' dir='ltr'>ut</span> <span class='ocrx_word' id='word_1_61' title='bbox 678 646 779 689; x_wconf 89' lang='lat' dir='ltr'>redunda-</span> 
     </span>
     <span class='ocr_line' id='line_1_9' title="bbox 69 721 794 780; baseline -0.004 -15"><span class='ocrx_word' id='word_1_62' title='bbox 69 731 110 775; x_wconf 86' lang='lat' dir='ltr'>ret,</span> <span class='ocrx_word' id='word_1_63' title='bbox 133 724 167 765; x_wconf 93' lang='lat' dir='ltr'>sed</span> <span class='ocrx_word' id='word_1_64' title='bbox 188 731 211 764; x_wconf 88' lang='lat' dir='ltr'>ut</span> <span class='ocrx_word' id='word_1_65' title='bbox 233 722 323 764; x_wconf 89' lang='lat' dir='ltr'>studium</span> <span class='ocrx_word' id='word_1_66' title='bbox 343 723 429 778; x_wconf 88' lang='lat' dir='ltr'>proponi</span> <span class='ocrx_word' id='word_1_67' title='bbox 447 723 579 780; x_wconf 84' lang='lat' dir='ltr'>significaret,</span> <span class='ocrx_word' id='word_1_68' title='bbox 603 721 659 778; x_wconf 91' lang='lat' dir='ltr'>quod</span> <span class='ocrx_word' id='word_1_69' title='bbox 678 721 713 763; x_wconf 88' lang='lat' dir='ltr'>alii</span> <span class='ocrx_word' id='word_1_70' title='bbox 732 735 794 763; x_wconf 87' lang='lat' dir='ltr'>cum·</span> 
     </span>
     <span class='ocr_line' id='line_1_10' title="bbox 68 797 781 854; baseline -0.006 -13"><span class='ocrx_word' id='word_1_71' title='bbox 68 814 157 842; x_wconf 86' lang='lat' dir='ltr'>cunrsro</span> <span class='ocrx_word' id='word_1_72' title='bbox 177 798 296 840; x_wconf 81' lang='lat' dir='ltr'>habuissent</span> <span class='ocrx_word' id='word_1_73' title='bbox 311 805 330 839; x_wconf 88' lang='lat' dir='ltr'>et</span> <span class='ocrx_word' id='word_1_74' title='bbox 344 797 443 840; x_wconf 85' lang='lat' dir='ltr'>haberent</span> <span class='ocrx_word' id='word_1_75' title='bbox 456 814 575 849; x_wconf 86' lang='lat' dir='ltr'>commune,</span> <span class='ocrx_word' id='word_1_76' title='bbox 589 812 715 854; x_wconf 87' lang='lat' dir='ltr'>quamquam</span> <span class='ocrx_word' id='word_1_77' title='bbox 728 804 781 838; x_wconf 83' lang='lat' dir='ltr'>cete—</span> 
     </span>
     <span class='ocr_line' id='line_1_11' title="bbox 68 872 781 930; baseline -0.006 -15"><span class='ocrx_word' id='word_1_78' title='bbox 68 875 143 930; x_wconf 91' lang='lat' dir='ltr'>roquin</span> <span class='ocrx_word' id='word_1_79' title='bbox 156 874 271 928; x_wconf 76' lang='lat' dir='ltr'>exemplum</span> <span class='ocrx_word' id='word_1_80' title='bbox 285 873 328 915; x_wconf 91' lang='lat' dir='ltr'>eius</span> <span class='ocrx_word' id='word_1_81' title='bbox 341 881 392 915; x_wconf 89' lang='lat' dir='ltr'>esset</span> <span class='ocrx_word' id='word_1_82' title='bbox 405 874 572 930; x_wconf 87' lang='lat' dir='ltr'>incomparabile.</span> <span class='ocrx_word' id='word_1_83' title='bbox 587 875 659 930; x_wconf 85' lang='lat' dir='ltr'>Itaque</span> <span class='ocrx_word' id='word_1_84' title='bbox 667 872 707 914; x_wconf 89' lang='lat' dir='ltr'>hoc</span> <span class='ocrx_word' id='word_1_85' title='bbox 716 872 781 915; x_wconf 84' lang='lat' dir='ltr'>Versu</span> 
     </span>
    </p>
   </div>
   <div class='ocr_carea' id='block_1_3' title="bbox 69 947 782 991">
    <p class='ocr_par' dir='ltr' id='par_1_3' title="bbox 69 947 782 991">
     <span class='ocr_line' id='line_1_12' title="bbox 69 947 782 991; baseline -0.004 0"><span class='ocrx_word' id='word_1_86' title='bbox 69 964 145 991; x_wconf 72' lang='lat' dir='ltr'>raucus</span> <span class='ocrx_word' id='word_1_87' title='bbox 165 948 233 991; x_wconf 86' lang='lat' dir='ltr'>dicere</span> <span class='ocrx_word' id='word_1_88' title='bbox 252 950 307 989; x_wconf 82' lang='lat' dir='ltr'>ruit:</span> <span class='ocrx_word' id='word_1_89' title='bbox 324 947 389 990; x_wconf 79' lang='lat' dir='ltr'>Illud</span> <span class='ocrx_word' id='word_1_90' title='bbox 403 951 459 990; x_wconf 79' lang='lat' dir='ltr'>enim</span> <span class='ocrx_word' id='word_1_91' title='bbox 474 952 554 991; x_wconf 76' lang='lat' dir='ltr'>uestris</span> <span class='ocrx_word' id='word_1_92' title='bbox 568 951 649 991; x_wconf 74' lang='lat' dir='ltr'>artioris</span> <span class='ocrx_word' id='word_1_93' title='bbox 661 949 718 989; x_wconf 68' lang='lat' dir='ltr'>ursit</span> <span class='ocrx_word' id='word_1_94' title='bbox 731 952 782 988; x_wconf 81' lang='lat' dir='ltr'>stu-</span> 
     </span>
    </p>
   </div>
   <div class='ocr_carea' id='block_1_4' title="bbox 68 1023 811 2510">
    <p class='ocr_par' dir='ltr' id='par_1_4' title="bbox 68 1023 811 2510">
     <span class='ocr_line' id='line_1_13' title="bbox 69 1023 784 1081; baseline -0.003 -16"><span class='ocrx_word' id='word_1_95' title='bbox 69 1025 138 1074; x_wconf 79' lang='lat' dir='ltr'>dtiim,</span> <span class='ocrx_word' id='word_1_96' title='bbox 157 1023 216 1081; x_wconf 83' lang='lat' dir='ltr'>quod</span> <span class='ocrx_word' id='word_1_97' title='bbox 228 1038 274 1065; x_wconf 86' lang='lat' dir='ltr'>cum</span> <span class='ocrx_word' id='word_1_98' title='bbox 288 1026 383 1065; x_wconf 75' lang='lat' dir='ltr'>inaximo</span> <span class='ocrx_word' id='word_1_99' title='bbox 394 1026 417 1064; x_wconf 79' lang='grc' dir='ltr'>ιἰι</span> <span class='ocrx_word' id='word_1_100' title='bbox 430 1025 503 1065; x_wconf 75' lang='grc' dir='ltr'><em>ανιιῖοιο</em></span> <span class='ocrx_word' id='word_1_101' title='bbox 529 1028 561 1066; x_wconf 74' lang='lat' dir='ltr'>uit</span> <span class='ocrx_word' id='word_1_102' title='bbox 573 1039 657 1066; x_wconf 84' lang='lat' dir='ltr'>cunrsrr</span> <span class='ocrx_word' id='word_1_103' title='bbox 665 1037 717 1065; x_wconf 78' lang='lat' dir='ltr'>insu,</span> <span class='ocrx_word' id='word_1_104' title='bbox 732 1023 784 1064; x_wconf 87' lang='lat' dir='ltr'>Nam</span> 
     </span>
     <span class='ocr_line' id='line_1_14' title="bbox 68 1096 784 1156; baseline -0.008 -14"><span class='ocrx_word' id='word_1_105' title='bbox 68 1098 216 1142; x_wconf 82' lang='lat' dir='ltr'>Coniunctione</span> <span class='ocrx_word' id='word_1_106' title='bbox 228 1098 275 1156; x_wconf 69' lang='grc' dir='ltr'>γάρ,</span> <span class='ocrx_word' id='word_1_107' title='bbox 289 1112 351 1154; x_wconf 89' lang='lat' dir='ltr'>quam</span> <span class='ocrx_word' id='word_1_108' title='bbox 365 1104 421 1139; x_wconf 88' lang='lat' dir='ltr'>recte</span> <span class='ocrx_word' id='word_1_109' title='bbox 434 1112 543 1149; x_wconf 74' lang='lat' dir='ltr'>cocceius,</span> <span class='ocrx_word' id='word_1_110' title='bbox 558 1098 652 1140; x_wconf 75' lang='lat' dir='ltr'>adversus</span> <span class='ocrx_word' id='word_1_111' title='bbox 665 1112 732 1139; x_wconf 71' lang='lat' dir='ltr'>unzin</span> <span class='ocrx_word' id='word_1_112' title='bbox 746 1096 784 1137; x_wconf 88' lang='lat' dir='ltr'>dis-</span> 
     </span>
     <span class='ocr_line' id='line_1_15' title="bbox 69 1172 786 1231; baseline -0.006 -15"><span class='ocrx_word' id='word_1_113' title='bbox 69 1182 153 1231; x_wconf 84' lang='lat' dir='ltr'>putans,</span> <span class='ocrx_word' id='word_1_114' title='bbox 180 1174 338 1231; x_wconf 75' lang='lat' dir='ltr'>Aetiologicam</span> <span class='ocrx_word' id='word_1_115' title='bbox 360 1180 429 1224; x_wconf 81' lang='lat' dir='ltr'>vocat,</span> <span class='ocrx_word' id='word_1_116' title='bbox 448 1172 500 1215; x_wconf 89' lang='lat' dir='ltr'>haec</span> <span class='ocrx_word' id='word_1_117' title='bbox 526 1174 590 1216; x_wconf 88' lang='lat' dir='ltr'>oratio</span> <span class='ocrx_word' id='word_1_118' title='bbox 617 1187 665 1215; x_wconf 89' lang='lat' dir='ltr'>cum</span> <span class='ocrx_word' id='word_1_119' title='bbox 687 1172 786 1228; x_wconf 78' lang='lat' dir='ltr'>superiori</span> 
     </span>
     <span class='ocr_line' id='line_1_16' title="bbox 70 1247 786 1306; baseline -0.004 -15"><span class='ocrx_word' id='word_1_120' title='bbox 70 1251 99 1292; x_wconf 87' lang='lat' dir='ltr'>sic</span> <span class='ocrx_word' id='word_1_121' title='bbox 119 1250 236 1306; x_wconf 86' lang='lat' dir='ltr'>copulatur,</span> <span class='ocrx_word' id='word_1_122' title='bbox 258 1256 290 1300; x_wconf 90' lang='lat' dir='ltr'>ut,</span> <span class='ocrx_word' id='word_1_123' title='bbox 311 1256 398 1305; x_wconf 91' lang='lat' dir='ltr'>utraque</span> <span class='ocrx_word' id='word_1_124' title='bbox 413 1247 551 1291; x_wconf 84' lang='lat' dir='ltr'>admonitione</span> <span class='ocrx_word' id='word_1_125' title='bbox 564 1247 695 1304; x_wconf 82' lang='lat' dir='ltr'>praecedenti</span> <span class='ocrx_word' id='word_1_126' title='bbox 712 1247 786 1290; x_wconf 81' lang='lat' dir='ltr'>confir-</span> 
     </span>
     <span class='ocr_line' id='line_1_17' title="bbox 71 1324 786 1381; baseline -0.003 -15"><span class='ocrx_word' id='word_1_127' title='bbox 71 1325 155 1376; x_wconf 86' lang='lat' dir='ltr'>manda,</span> <span class='ocrx_word' id='word_1_128' title='bbox 173 1325 199 1367; x_wconf 90' lang='lat' dir='ltr'>ad</span> <span class='ocrx_word' id='word_1_129' title='bbox 212 1331 345 1380; x_wconf 83' lang='lat' dir='ltr'>praeceptum</span> <span class='ocrx_word' id='word_1_130' title='bbox 359 1324 499 1381; x_wconf 82' lang='lat' dir='ltr'>gravissimum</span> <span class='ocrx_word' id='word_1_131' title='bbox 511 1328 548 1366; x_wconf 81' lang='grc' dir='ltr'>τοῦ</span> <span class='ocrx_word' id='word_1_132' title='bbox 561 1324 583 1366; x_wconf 79' lang='grc' dir='ltr'>ἓν</span> <span class='ocrx_word' id='word_1_133' title='bbox 596 1328 675 1381; x_wconf 71' lang='grc' dir='ltr'><em>φρονεῖν</em></span> <span class='ocrx_word' id='word_1_134' title='bbox 688 1330 786 1365; x_wconf 82' lang='lat' dir='ltr'>recurrat.</span> 
     </span>
     <span class='ocr_line' id='line_1_18' title="bbox 71 1398 811 1451; baseline -0.004 -10"><span class='ocrx_word' id='word_1_135' title='bbox 71 1401 137 1442; x_wconf 72' lang='lat' dir='ltr'>Nesus</span> <span class='ocrx_word' id='word_1_136' title='bbox 152 1407 220 1442; x_wconf 88' lang='lat' dir='ltr'>autern</span> <span class='ocrx_word' id='word_1_137' title='bbox 236 1400 325 1451; x_wconf 88' lang='lat' dir='ltr'>tollitur,</span> <span class='ocrx_word' id='word_1_138' title='bbox 341 1399 420 1441; x_wconf 88' lang='lat' dir='ltr'>sicum</span> <span class='ocrx_word' id='word_1_139' title='bbox 436 1414 565 1442; x_wconf 71' lang='lat' dir='ltr'>nacunmmo</span> <span class='ocrx_word' id='word_1_140' title='bbox 579 1398 749 1442; x_wconf 80' lang='lat' dir='ltr'>Coniunctionem</span> <span class='ocrx_word' id='word_1_141' title='bbox 762 1398 786 1438; x_wconf 88' lang='lat' dir='ltr'>il·</span> <span class='ocrx_word' id='word_1_142' title='bbox 809 1427 811 1430; x_wconf 35' lang='lat' dir='ltr'>s</span> 
     </span>
     <span class='ocr_line' id='line_1_19' title="bbox 71 1474 787 1526; baseline -0.006 -8"><span class='ocrx_word' id='word_1_143' title='bbox 71 1477 112 1518; x_wconf 90' lang='lat' dir='ltr'>lam</span> <span class='ocrx_word' id='word_1_144' title='bbox 129 1476 239 1517; x_wconf 87' lang='lat' dir='ltr'>reiicimus.</span> <span class='ocrx_word' id='word_1_145' title='bbox 269 1475 309 1517; x_wconf 87' lang='lat' dir='ltr'>Sed</span> <span class='ocrx_word' id='word_1_146' title='bbox 327 1474 386 1517; x_wconf 82' lang='lat' dir='ltr'>valde</span> <span class='ocrx_word' id='word_1_147' title='bbox 401 1475 483 1526; x_wconf 88' lang='lat' dir='ltr'>dubito,</span> <span class='ocrx_word' id='word_1_148' title='bbox 502 1490 528 1517; x_wconf 85' lang='lat' dir='ltr'>an</span> <span class='ocrx_word' id='word_1_149' title='bbox 541 1491 552 1517; x_wconf 92' lang='lat' dir='ltr'>a</span> <span class='ocrx_word' id='word_1_150' title='bbox 564 1475 615 1519; x_wconf 85' lang='lat' dir='ltr'>Viro</span> <span class='ocrx_word' id='word_1_151' title='bbox 627 1474 742 1517; x_wconf 87' lang='lat' dir='ltr'>acutissimo</span> <span class='ocrx_word' id='word_1_152' title='bbox 756 1488 787 1515; x_wconf 87' lang='lat' dir='ltr'>re-</span> 
     </span>
     <span class='ocr_line' id='line_1_20' title="bbox 71 1549 787 1600; baseline -0.001 -9"><span class='ocrx_word' id='word_1_153' title='bbox 71 1551 124 1593; x_wconf 90' lang='lat' dir='ltr'>iecta</span> <span class='ocrx_word' id='word_1_154' title='bbox 135 1551 216 1600; x_wconf 78' lang='lat' dir='ltr'>fuisset,</span> <span class='ocrx_word' id='word_1_155' title='bbox 227 1549 266 1591; x_wconf 88' lang='lat' dir='ltr'>nisi</span> <span class='ocrx_word' id='word_1_156' title='bbox 277 1549 340 1590; x_wconf 85' lang='lat' dir='ltr'>semel</span> <span class='ocrx_word' id='word_1_157' title='bbox 353 1550 493 1591; x_wconf 87' lang='lat' dir='ltr'>testimonium</span> <span class='ocrx_word' id='word_1_158' title='bbox 501 1550 602 1591; x_wconf 82' lang='lat' dir='ltr'>librorum</span> <span class='ocrx_word' id='word_1_159' title='bbox 614 1550 702 1591; x_wconf 76' lang='lat' dir='ltr'>inarime</span> <span class='ocrx_word' id='word_1_160' title='bbox 715 1549 787 1591; x_wconf 85' lang='lat' dir='ltr'>Orien-</span> 
     </span>
     <span class='ocr_line' id='line_1_21' title="bbox 72 1622 788 1682; baseline -0.004 -15"><span class='ocrx_word' id='word_1_161' title='bbox 72 1626 144 1667; x_wconf 85' lang='lat' dir='ltr'>talium</span> <span class='ocrx_word' id='word_1_162' title='bbox 157 1627 179 1666; x_wconf 91' lang='lat' dir='ltr'>in</span> <span class='ocrx_word' id='word_1_163' title='bbox 194 1624 271 1665; x_wconf 88' lang='lat' dir='ltr'>iudicio</span> <span class='ocrx_word' id='word_1_164' title='bbox 284 1622 368 1665; x_wconf 80' lang='lat' dir='ltr'>ferendo</span> <span class='ocrx_word' id='word_1_165' title='bbox 381 1625 439 1680; x_wconf 90' lang='lat' dir='ltr'>sequi</span> <span class='ocrx_word' id='word_1_166' title='bbox 453 1624 588 1667; x_wconf 85' lang='lat' dir='ltr'>constituisset</span> <span class='ocrx_word' id='word_1_167' title='bbox 602 1622 641 1682; x_wconf 78' lang='lat'>(2).</span> <span class='ocrx_word' id='word_1_168' title='bbox 656 1625 706 1665; x_wconf 87' lang='lat' dir='ltr'>Fere</span> <span class='ocrx_word' id='word_1_169' title='bbox 719 1639 788 1665; x_wconf 84' lang='lat' dir='ltr'>omnes</span> 
     </span>
     <span class='ocr_line' id='line_1_22' title="bbox 73 1698 788 1756; baseline -0.003 -14"><span class='ocrx_word' id='word_1_170' title='bbox 73 1708 128 1742; x_wconf 89' lang='lat' dir='ltr'>certe</span> <span class='ocrx_word' id='word_1_171' title='bbox 140 1701 208 1743; x_wconf 85' lang='lat' dir='ltr'>Patres</span> <span class='ocrx_word' id='word_1_172' title='bbox 221 1699 295 1741; x_wconf 84' lang='lat' dir='ltr'>Graeci</span> <span class='ocrx_word' id='word_1_173' title='bbox 307 1713 355 1740; x_wconf 89' lang='lat' dir='ltr'>cum</span> <span class='ocrx_word' id='word_1_174' title='bbox 366 1699 470 1756; x_wconf 89' lang='lat' dir='ltr'>plerisque</span> <span class='ocrx_word' id='word_1_175' title='bbox 483 1698 586 1741; x_wconf 90' lang='lat' dir='ltr'>codicibus</span> <span class='ocrx_word' id='word_1_176' title='bbox 602 1700 656 1741; x_wconf 77' lang='lat' dir='ltr'>MSS.</span> <span class='ocrx_word' id='word_1_177' title='bbox 675 1706 695 1741; x_wconf 83' lang='lat' dir='ltr'>et</span> <span class='ocrx_word' id='word_1_178' title='bbox 707 1700 788 1743; x_wconf 90' lang='lat' dir='ltr'>Versio-</span> 
     </span>
     <span class='ocr_line' id='line_1_23' title="bbox 72 1773 788 1831; baseline -0.003 -14"><span class='ocrx_word' id='word_1_179' title='bbox 72 1775 132 1817; x_wconf 91' lang='lat' dir='ltr'>nihus</span> <span class='ocrx_word' id='word_1_180' title='bbox 144 1773 232 1831; x_wconf 84' lang='lat' dir='ltr'>antiquis</span> <span class='ocrx_word' id='word_1_181' title='bbox 247 1788 292 1816; x_wconf 88' lang='lat' dir='ltr'>eam</span> <span class='ocrx_word' id='word_1_182' title='bbox 305 1773 445 1817; x_wconf 86' lang='lat' dir='ltr'>reddiderunt.</span> <span class='ocrx_word' id='word_1_183' title='bbox 476 1774 612 1816; x_wconf 85' lang='lat' dir='ltr'>Omissionem</span> <span class='ocrx_word' id='word_1_184' title='bbox 623 1789 670 1816; x_wconf 77' lang='lat' dir='ltr'>vero</span> <span class='ocrx_word' id='word_1_185' title='bbox 683 1789 740 1816; x_wconf 88' lang='lat' dir='ltr'>nunc</span> <span class='ocrx_word' id='word_1_186' title='bbox 752 1790 788 1830; x_wconf 84' lang='lat' dir='ltr'>po-</span> 
     </span>
     <span class='ocr_line' id='line_1_24' title="bbox 72 1848 789 1907; baseline 0 -15"><span class='ocrx_word' id='word_1_187' title='bbox 72 1851 147 1907; x_wconf 88' lang='lat' dir='ltr'>perisse</span> <span class='ocrx_word' id='word_1_188' title='bbox 164 1850 244 1892; x_wconf 81' lang='lat' dir='ltr'>ridetur</span> <span class='ocrx_word' id='word_1_189' title='bbox 263 1848 417 1906; x_wconf 86' lang='lat' dir='ltr'>comprehensio</span> <span class='ocrx_word' id='word_1_190' title='bbox 435 1849 545 1891; x_wconf 86' lang='lat' dir='ltr'>verborum</span> <span class='ocrx_word' id='word_1_191' title='bbox 563 1848 641 1893; x_wconf 72' lang='grc' dir='ltr'><em>ἕκαστοι</em></span> <span class='ocrx_word' id='word_1_192' title='bbox 659 1848 692 1891; x_wconf 84' lang='lat' dir='ltr'>vel</span> <span class='ocrx_word' id='word_1_193' title='bbox 707 1850 789 1899; x_wconf 75' lang='grc' dir='ltr'><em>ἕκαστος</em></span> 
     </span>
     <span class='ocr_line' id='line_1_25' title="bbox 72 1924 788 1982; baseline -0.004 -14"><span class='ocrx_word' id='word_1_194' title='bbox 72 1928 131 1969; x_wconf 78' lang='grc' dir='ltr'><em>τοῦτο</em></span> <span class='ocrx_word' id='word_1_195' title='bbox 149 1929 247 1982; x_wconf 70' lang='grc' dir='ltr'><em>φρονεῖτες</em></span> <span class='ocrx_word' id='word_1_196' title='bbox 267 1940 323 1967; x_wconf 89' lang='lat' dir='ltr'>nunc</span> <span class='ocrx_word' id='word_1_197' title='bbox 345 1925 425 1981; x_wconf 89' lang='lat' dir='ltr'>opinio,</span> <span class='ocrx_word' id='word_1_198' title='bbox 446 1924 502 1967; x_wconf 91' lang='lat' dir='ltr'>hunc</span> <span class='ocrx_word' id='word_1_199' title='bbox 520 1925 608 1969; x_wconf 89' lang='lat' dir='ltr'>Versum</span> <span class='ocrx_word' id='word_1_200' title='bbox 628 1939 677 1967; x_wconf 86' lang='lat' dir='ltr'>curn</span> <span class='ocrx_word' id='word_1_201' title='bbox 690 1926 788 1981; x_wconf 84' lang='lat' dir='ltr'>superiori</span> 
     </span>
     <span class='ocr_line' id='line_1_26' title="bbox 73 1999 788 2057; baseline 0 -16"><span class='ocrx_word' id='word_1_202' title='bbox 73 2000 141 2041; x_wconf 88' lang='lat' dir='ltr'>minus</span> <span class='ocrx_word' id='word_1_203' title='bbox 163 1999 280 2051; x_wconf 74' lang='lat' dir='ltr'>cohaerere,</span> <span class='ocrx_word' id='word_1_204' title='bbox 303 2014 370 2052; x_wconf 90' lang='lat' dir='ltr'>nunc,</span> <span class='ocrx_word' id='word_1_205' title='bbox 386 2008 405 2042; x_wconf 89' lang='lat' dir='ltr'>et</span> <span class='ocrx_word' id='word_1_206' title='bbox 417 2000 541 2057; x_wconf 87' lang='lat' dir='ltr'>plerumque</span> <span class='ocrx_word' id='word_1_207' title='bbox 553 2001 646 2051; x_wconf 84' lang='lat' dir='ltr'>fortasse,</span> <span class='ocrx_word' id='word_1_208' title='bbox 662 2000 788 2042; x_wconf 88' lang='lat' dir='ltr'>consuetudo</span> 
     </span>
     <span class='ocr_line' id='line_1_27' title="bbox 73 2075 788 2132; baseline 0.001 -16"><span class='ocrx_word' id='word_1_209' title='bbox 73 2075 165 2116; x_wconf 85' lang='lat' dir='ltr'>lectionis</span> <span class='ocrx_word' id='word_1_210' title='bbox 183 2088 221 2130; x_wconf 91' lang='lat' dir='ltr'>pro</span> <span class='ocrx_word' id='word_1_211' title='bbox 240 2075 339 2117; x_wconf 89' lang='lat' dir='ltr'>concione</span> <span class='ocrx_word' id='word_1_212' title='bbox 354 2076 426 2132; x_wconf 92' lang='lat' dir='ltr'>populi</span> <span class='ocrx_word' id='word_1_213' title='bbox 439 2076 464 2118; x_wconf 86' lang='lat' dir='ltr'>ab</span> <span class='ocrx_word' id='word_1_214' title='bbox 478 2075 518 2118; x_wconf 91' lang='lat' dir='ltr'>boc</span> <span class='ocrx_word' id='word_1_215' title='bbox 533 2075 640 2120; x_wconf 86' lang='lat' dir='ltr'>indeloco</span> <span class='ocrx_word' id='word_1_216' title='bbox 653 2076 788 2131; x_wconf 84' lang='lat' dir='ltr'>incipiendae.</span> 
     </span>
     <span class='ocr_line' id='line_1_28' title="bbox 73 2150 789 2208; baseline -0.001 -15"><span class='ocrx_word' id='word_1_217' title='bbox 73 2151 114 2193; x_wconf 88' lang='lat' dir='ltr'>Sed</span> <span class='ocrx_word' id='word_1_218' title='bbox 133 2151 191 2192; x_wconf 85' lang='lat' dir='ltr'>aliter</span> <span class='ocrx_word' id='word_1_219' title='bbox 204 2150 337 2193; x_wconf 86' lang='lat' dir='ltr'>iudicandum</span> <span class='ocrx_word' id='word_1_220' title='bbox 349 2159 400 2208; x_wconf 89' lang='lat' dir='ltr'>puto</span> <span class='ocrx_word' id='word_1_221' title='bbox 413 2153 439 2194; x_wconf 89' lang='lat' dir='ltr'>de</span> <span class='ocrx_word' id='word_1_222' title='bbox 455 2152 585 2208; x_wconf 81' lang='lat' dir='ltr'>quaestione,</span> <span class='ocrx_word' id='word_1_223' title='bbox 598 2160 669 2193; x_wconf 88' lang='lat' dir='ltr'>utrum</span> <span class='ocrx_word' id='word_1_224' title='bbox 685 2152 789 2193; x_wconf 83' lang='lat' dir='ltr'>Passirum</span> 
     </span>
     <span class='ocr_line' id='line_1_29' title="bbox 73 2225 790 2284; baseline -0.003 -14"><span class='ocrx_word' id='word_1_225' title='bbox 73 2226 188 2284; x_wconf 68' lang='grc' dir='ltr'><em>φρονεισθω</em></span> <span class='ocrx_word' id='word_1_226' title='bbox 202 2225 333 2268; x_wconf 89' lang='lat' dir='ltr'>retinendum</span> <span class='ocrx_word' id='word_1_227' title='bbox 345 2227 381 2278; x_wconf 89' lang='lat' dir='ltr'>sit,</span> <span class='ocrx_word' id='word_1_228' title='bbox 394 2242 421 2269; x_wconf 86' lang='lat' dir='ltr'>au</span> <span class='ocrx_word' id='word_1_229' title='bbox 433 2242 470 2282; x_wconf 89' lang='lat' dir='ltr'>pro</span> <span class='ocrx_word' id='word_1_230' title='bbox 484 2242 508 2269; x_wconf 91' lang='lat' dir='ltr'>eo</span> <span class='ocrx_word' id='word_1_231' title='bbox 519 2226 684 2269; x_wconf 84' lang='lat' dir='ltr'>substituendum</span> <span class='ocrx_word' id='word_1_232' title='bbox 694 2227 790 2269; x_wconf 86' lang='lat' dir='ltr'>Activunr</span> 
     </span>
     <span class='ocr_line' id='line_1_30' title="bbox 74 2300 790 2360; baseline -0.004 -15"><span class='ocrx_word' id='word_1_233' title='bbox 74 2306 167 2360; x_wconf 74' lang='grc' dir='ltr'><em>φρονεῖτε,</em></span> <span class='ocrx_word' id='word_1_234' title='bbox 193 2300 288 2343; x_wconf 84' lang='lat' dir='ltr'>Actirum</span> <span class='ocrx_word' id='word_1_235' title='bbox 302 2303 373 2352; x_wconf 86' lang='lat' dir='ltr'>enim,</span> <span class='ocrx_word' id='word_1_236' title='bbox 390 2302 446 2358; x_wconf 89' lang='lat' dir='ltr'>quod</span> <span class='ocrx_word' id='word_1_237' title='bbox 459 2302 554 2358; x_wconf 89' lang='lat' dir='ltr'>plerique</span> <span class='ocrx_word' id='word_1_238' title='bbox 561 2301 647 2345; x_wconf 79' lang='lat' dir='ltr'>codices</span> <span class='ocrx_word' id='word_1_239' title='bbox 656 2302 790 2359; x_wconf 86' lang='lat' dir='ltr'>antiquissimi</span> 
     </span>
     <span class='ocr_line' id='line_1_31' title="bbox 73 2377 790 2438; baseline 0.001 -19"><span class='ocrx_word' id='word_1_240' title='bbox 73 2377 194 2419; x_wconf 83' lang='lat' dir='ltr'>auctoritate</span> <span class='ocrx_word' id='word_1_241' title='bbox 208 2391 243 2418; x_wconf 87' lang='lat' dir='ltr'>sua</span> <span class='ocrx_word' id='word_1_242' title='bbox 256 2377 355 2429; x_wconf 83' lang='lat' dir='ltr'>fulciunt,</span> <span class='ocrx_word' id='word_1_243' title='bbox 374 2384 458 2433; x_wconf 86' lang='lat' dir='ltr'>propter</span> <span class='ocrx_word' id='word_1_244' title='bbox 475 2377 579 2434; x_wconf 83' lang='lat' dir='ltr'>sequentia</span> <span class='ocrx_word' id='word_1_245' title='bbox 594 2380 616 2420; x_wconf 75' lang='grc' dir='ltr'>ἐν</span> <span class='ocrx_word' id='word_1_246' title='bbox 628 2382 712 2438; x_wconf 72' lang='grc' dir='ltr'><em>Χριστῷ</em></span> <span class='ocrx_word' id='word_1_247' title='bbox 725 2379 790 2436; x_wconf 73' lang='grc' dir='ltr'><em>Ἰησοῦ</em></span> 
     </span>
     <span class='ocr_line' id='line_1_32' title="bbox 75 2452 788 2510; baseline 0.001 -16"><span class='ocrx_word' id='word_1_248' title='bbox 75 2452 175 2496; x_wconf 89' lang='lat' dir='ltr'>difficilius</span> <span class='ocrx_word' id='word_1_249' title='bbox 188 2461 228 2504; x_wconf 85' lang='lat' dir='ltr'>est,</span> <span class='ocrx_word' id='word_1_250' title='bbox 242 2468 304 2510; x_wconf 87' lang='lat' dir='ltr'>quam</span> <span class='ocrx_word' id='word_1_251' title='bbox 319 2463 342 2496; x_wconf 89' lang='lat' dir='ltr'>ut</span> <span class='ocrx_word' id='word_1_252' title='bbox 353 2454 446 2498; x_wconf 86' lang='lat' dir='ltr'>homines</span> <span class='ocrx_word' id='word_1_253' title='bbox 458 2454 510 2496; x_wconf 87' lang='lat' dir='ltr'>illud</span> <span class='ocrx_word' id='word_1_254' title='bbox 524 2454 623 2509; x_wconf 85' lang='lat' dir='ltr'>scripsisse</span> <span class='ocrx_word' id='word_1_255' title='bbox 637 2455 732 2498; x_wconf 87' lang='lat' dir='ltr'>censendi</span> <span class='ocrx_word' id='word_1_256' title='bbox 742 2456 788 2502; x_wconf 83' lang='lat' dir='ltr'>sint,</span> 
     </span>
    </p>
   </div>
   <div class='ocr_carea' id='block_1_5' title="bbox 68 2565 234 2573">
    <p class='ocr_par' dir='ltr' id='par_1_5' title="bbox 68 2565 234 2573">
     <span class='ocr_line' id='line_1_33' title="bbox 68 2565 234 2573; baseline 0 -1"><span class='ocrx_word' id='word_1_257' title='bbox 68 2565 234 2573; x_wconf 52' lang='grc' dir='ltr'>Ἣ</span> 
     </span>
    </p>
   </div>
   <div class='ocr_carea' id='block_1_6' title="bbox 98 2627 667 2733">
    <p class='ocr_par' dir='ltr' id='par_1_6' title="bbox 98 2627 667 2733">
     <span class='ocr_line' id='line_1_34' title="bbox 98 2627 336 2671; baseline 0.004 -12"><span class='ocrx_word' id='word_1_258' title='bbox 98 2627 177 2671; x_wconf 65' lang='lat' dir='ltr'>(rpc&#39;ar.</span> <span class='ocrx_word' id='word_1_259' title='bbox 189 2631 252 2663; x_wconf 76' lang='lat' dir='ltr'>Potior.</span> <span class='ocrx_word' id='word_1_260' title='bbox 265 2630 284 2662; x_wconf 80' lang='lat' dir='ltr'>ad</span> <span class='ocrx_word' id='word_1_261' title='bbox 296 2630 312 2661; x_wconf 83' lang='lat' dir='ltr'>ir.</span> <span class='ocrx_word' id='word_1_262' title='bbox 326 2630 336 2661; x_wconf 93' lang='lat' dir='ltr'>l.</span> 
     </span>
     <span class='ocr_line' id='line_1_35' title="bbox 99 2688 667 2733; baseline 0.004 -14"><span class='ocrx_word' id='word_1_263' title='bbox 99 2688 125 2732; x_wconf 73' lang='lat'>(2)</span> <span class='ocrx_word' id='word_1_264' title='bbox 140 2691 195 2722; x_wconf 75' lang='lat' dir='ltr'>Ttiot.</span> <span class='ocrx_word' id='word_1_265' title='bbox 208 2693 277 2724; x_wconf 60' lang='lat' dir='ltr'>stridori</span> <span class='ocrx_word' id='word_1_266' title='bbox 290 2693 325 2722; x_wconf 79' lang='grc' dir='ltr'><em>ονιιιῖ</em></span> <span class='ocrx_word' id='word_1_267' title='bbox 337 2691 419 2724; x_wconf 77' lang='lat' dir='ltr'>Kritr&#39;lren.</span> <span class='ocrx_word' id='word_1_268' title='bbox 431 2690 485 2732; x_wconf 78' lang='lat' dir='ltr'>Jabrg.</span> <span class='ocrx_word' id='word_1_269' title='bbox 497 2690 547 2722; x_wconf 82' lang='lat'>1830.</span> <span class='ocrx_word' id='word_1_270' title='bbox 560 2701 575 2733; x_wconf 80' lang='lat' dir='ltr'>p,</span> <span class='ocrx_word' id='word_1_271' title='bbox 587 2692 620 2722; x_wconf 83' lang='lat'>817</span> <span class='ocrx_word' id='word_1_272' title='bbox 633 2701 667 2732; x_wconf 82' lang='lat' dir='ltr'>sqq.</span> 
     </span>
    </p>
   </div>
   <div class='ocr_carea' id='block_1_7' title="bbox 0 0 843 2790">
    <p class='ocr_par' dir='ltr' id='par_1_7' title="bbox 0 0 843 2790">
     <span class='ocr_line' id='line_1_36' title="bbox 0 0 843 2790; baseline 0 0"><span class='ocrx_word' id='word_1_273' title='bbox 0 0 843 2790; x_wconf 95' lang='lat' dir='ltr'> </span> 
     </span>
    </p>
   </div>
  </div>
 </body>
</html>
