1650 2790
284 52 328 78 111).
344 39 379 81 Ν.
395 52 451 78 vens¹
470 39 509 85 13,
526 38 561 76 14.
734 32 774 75 307

68 157 136 214 ναμόω
153 156 199 202 Cot.
211 159 233 200 l:
252 161 277 200 11
292 158 363 200 eadem
376 157 402 199 de
415 158 533 200 efficacitate
545 157 586 199 iam
599 155 649 206 diei,
663 167 732 209 neque
741 152 776 194 lile

67 234 184 289 permittere
204 235 319 276 Pronomen
337 251 374 289 με,
395 241 419 274 ut
437 233 555 291 significatio
577 238 681 288 augeatur.
719 228 776 280 Quae

68 323 116 351 oum
131 310 158 353 ita
172 310 221 361 sint,
237 325 304 352 sensus
317 309 410 352 orationis
423 308 457 351 hie
470 322 512 350 esse
523 307 611 349 videtur:
628 304 708 348 Omnia
722 302 776 362 (ore-

68 384 162 443 moroto]
176 386 236 427 valeo
251 387 392 428 eomorzorr'ooe
406 387 463 437 eins,
477 385 515 441 qui
528 396 560 423 ore
574 383 706 423 corroborat.
730 380 777 421 »Iam

68 460 84 500 si
106 460 151 516 quis
174 468 242 518 rogat,
266 475 328 517 quare
348 475 424 502 risurus
443 458 496 500 bane
512 457 631 498 sententiam
646 453 777 511 praecedeuti

69 533 193 584 adiunxerit,
213 535 236 576 in
257 544 339 590 promtu
360 542 400 585 est,
421 533 475 591 quod
490 531 641 588 respondeatur.
673 530 776 572 Nimirum

70 604 222 665 experientiam
233 618 274 651 tem
289 609 396 652 saturitatis
412 618 432 651 et
446 609 514 660 famis,
531 622 592 665 quam
607 605 744 648 abundantiae
758 611 778 644 et

69 684 165 739 penuriae
180 685 218 726 sibi
233 700 275 726 non
290 684 377 741 habebat
391 684 505 741 propriam,
520 682 555 726 sed
570 696 618 725 eum
630 680 672 723 aliis
684 692 776 721 eommu-

69 774 123 802 nem.
153 761 215 816 Atqui
236 774 315 810 omues,
339 767 440 817 quotquot
461 759 513 802 hane
532 758 608 800 variam
630 754 707 810 experti
723 759 780 795 erant

70 834 181 885 fortunam,
203 842 278 876 tautam
299 849 347 876 eum
362 850 385 876 ea
399 834 555 876 familiaritatem
570 847 611 874 non
626 835 779 877 contraxerant,

70 916 93 949 ut
114 910 174 950 rebus
194 909 351 965 quibuscunque
372 910 425 951 hene
443 916 556 950 uterentur.
591 904 698 963 Apostolus
716 903 779 960 igitur

71 997 126 1023 nune
140 983 235 1038 proponit
250 998 341 1034 oausam,
359 999 395 1027 our
410 984 450 1026 hoc
465 984 503 1025 sibi
517 981 636 1039 eontigerit,
653 995 673 1022 se
688 978 728 1020 hoe
742 977 779 1018 de-

70 1057 118 1097 bere
133 1058 186 1098 aiens
202 1059 339 1100 communioni
356 1073 450 1107 1111111,
466 1074 477 1100 a
491 1073 532 1114 quo
548 1056 697 1099 corroboretur.

371 1255 427 1281 rurs.
447 1241 479 1280 14.

101 1357 181 1398 Parrus
196 1358 258 1399 animi
273 1358 304 1398 sui
320 1358 483 1414 aequabilitatem
499 1356 679 1413 Philippensibus
695 1354 782 1408 expliea-

71 1438 132 1472 verat.
162 1431 196 1472 llli
215 1446 262 1472 vero
286 1447 324 1482 ne,
344 1432 365 1473 in
388 1431 503 1486 opinionem
523 1430 613 1480 inducti,
630 1430 707 1471 donum
722 1442 782 1469 suum

71 1508 138 1548 minus
155 1515 235 1564 gratum
248 1507 321 1558 fuisse,
338 1507 472 1548 offensionem
484 1506 532 1546 iude
547 1513 653 1560 caperent,
669 1504 695 1545 ab
711 1517 783 1548 excur-

72 1598 95 1624 su
117 1583 176 1625 rediit
197 1583 304 1637 Apostolus
326 1583 351 1625 ad
370 1582 511 1624 liberalitatem
530 1595 600 1622 eorum
619 1579 782 1636 praedicandam.

72 1658 142 1712 Πλήν,
157 1657 194 1707 ait,
209 1663 275 1707 καλῶς
289 1656 394 1712 ἐποιήσατε
410 1655 600 1712 συγκοινωνήσαπές
610 1673 649 1710 μου
665 1659 692 1714 τῇ
706 1655 783 1708 θλίψει,

71 1731 188 1772 Formulam
202 1735 267 1781 καλῶς
282 1732 410 1773 111ιεῖ111111
424 1732 511 1774 Graecos
526 1731 594 1772 tritam
607 1746 645 1772 nee
653 1728 783 1785 scriptoribus

71 1805 121 1847 Novi
133 1806 256 1847 Testamenti
268 1805 384 1848 inusitatam
396 1807 457 1848 fuisse
469 1806 494 1848 ad
506 1805 663 1862 significandum
676 1810 733 1846 reete
744 1803 783 1859 fo—

71 1894 130 1933 rere,
151 1879 225 1922 docent
244 1878 317 1922 aliare.
336 1880 385 1923 Vll:
403 1883 437 1922 37.
462 1880 509 1923 Aet.
526 1882 556 1921 X:
570 1883 597 1922 33
609 1880 680 1936 ibique
692 1895 783 1922 onorius

73 1963 217 2008 normannus.
247 1956 301 2011 Ergo
321 1955 399 2010 priora,
424 1970 477 2011 quae
496 1955 536 1997 boe
558 1955 580 1998 in
597 1969 654 1996 versu
671 1954 781 2011 leguntur,

74 2030 154 2072 dieunt:
172 2028 327 2071 Verumtamen
339 2036 396 2072 reete
404 2030 501 2089 Ufeez'stz's.
528 2030 641 2072 Posteriora
654 2044 702 2071 vero
714 2044 783 2071 ansam

74 2105 172 2161 praebent
188 2105 309 2159 disputandi.
343 2105 444 2164 Nimirum
464 2121 536 2147 uocem
558 2107 630 2160 θλίψις
648 2104 704 2148 haud
725 2105 785 2160 pauei

70 2183 189 2237 petrariam
210 2181 301 2236 Apostoli
319 2189 409 2235 spectare
428 2188 510 2237 putant,
529 2181 560 2222 uti
581 2185 594 2223 2
617 2181 668 2225 Cor.
682 2181 740 2225 VIII:
757 2182 784 2222 13

73 2259 191 2312 petrariam
210 2255 378 2300 Coriizllit'orron.
409 2255 449 2297 Sed
468 2256 564 2313 quoniam
583 2271 606 2298 ea
619 2257 655 2298 illo
670 2262 749 2298 tantum
763 2255 785 2297 in

77 2331 132 2379 loeo,
148 2330 185 2371 ubi
201 2332 290 2387 opposita
305 2338 334 2372 est
349 2331 393 2372 voei
408 2330 482 2383 ἄνεσις,
498 2331 540 2373 huo
555 2339 640 2387 spectat,
655 2330 723 2373 sedin
738 2332 785 2386 ple-

78 2406 146 2461 risque
167 2407 271 2448 notionem
289 2406 404 2463 generalem
416 2406 477 2448 babet
491 2421 607 2448 oerzrmnoe
620 2421 703 2448 enursrr
719 2421 788 2448 eausa.

79 2480 187 2537 afflictae,
199 2482 294 2536 equidem
308 2481 361 2523 hane
371 2480 475 2523 notionem
489 2481 547 2525 altori
560 2481 715 2538 praeferendam
728 2481 788 2524 dueo.

78 2554 219 2597 Dubitandum
233 2571 315 2614 quoque
330 2557 418 2607 ridetur,
434 2571 460 2599 an
476 2573 553 2599 munos
566 2573 577 2598 a
594 2572 614 2598 se
628 2558 738 2613 impetrare
752 2573 788 2614 po-

80 2632 154 2681 tuerit,
176 2638 200 2671 ut
216 2646 277 2673 eriam
291 2635 420 2690 portantem,
442 2633 474 2673 rel
489 2633 548 2682 alibi,
564 2634 596 2674 rel
609 2632 649 2676 hae
662 2633 684 2675 in
699 2634 790 2676 oratione

626 2712 653 2753 20
663 2713 675 2737 4
