1650 2790
256 46 301 73 cnr,
317 32 343 73 ll.
361 48 416 74 vrrs.
434 34 453 82 7,
474 36 494 82 S,
509 36 527 74 {³⁴
709 38 748 77 155

36 159 122 200 alienam
134 154 241 196 admittere
256 155 367 198 notionem.
388 155 451 196 Plene
465 155 525 196 scribi
537 162 641 211 potuerat:
657 154 749 200 θανάτου

35 231 59 273 δὲ
76 227 126 284 λέγω
141 232 238 285 σταυροῦ,
258 229 314 285 quod
333 235 362 270 est
380 229 444 273 scita
460 230 589 288 corrigentis:
608 232 687 272 mortis
700 245 750 272 vero

36 305 83 346 dieo
102 305 189 345 cremis:
214 303 249 345 sed
269 304 348 347 affectio
370 305 433 347 animi
453 306 574 348 brevitatem
594 304 750 349 commendabat

19 437 21 441 Ι
36 378 118 423 Graecis
133 378 290 434 usitatissimam.
692 366 694 369 ‚

348 500 405 527 vrrs.
418 487 439 527 9.

64 604 109 646 Iam
125 617 167 660 quo
181 604 247 646 acrius
259 603 416 661 Philippenses
428 601 453 644 ad
467 615 551 645 cnmsm
564 602 699 646 imitationem
713 620 749 646 ei-

36 679 134 730 uitentur,
151 693 227 721 esurus
239 678 337 720 continuo
347 677 369 719 in
378 676 465 734 gloriam
477 677 538 732 plane
547 677 679 734 singularem,
688 693 750 735 quarn
811 673 812 676 ¹

35 753 70 795 ille
84 753 210 796 obedientiae
224 767 272 795 suae
287 767 347 797 causa
359 760 479 795 consecutus
490 759 530 805 est,
545 753 703 809 praedicandam
714 769 751 796 ex-

36 830 111 870 currit:
126 828 166 873 Διὸ
178 830 212 872 καὶ
225 828 239 872 ὅ
250 828 300 880 estc
313 826 374 872 αὐτὸν
386 827 517 887 ineptiorem,
529 830 563 873 καὶ
576 830 683 887 ἐχαρίσατο
696 828 752 888 αὐτῷ

35 903 58 948 rd
70 901 134 959 inopte
146 903 170 949 τὸ
183 905 233 962 ὑπὲρ
246 908 288 948 πᾶν
300 900 370 959 ὄνομα,
390 905 424 947 Sic
439 904 494 947 enim
507 904 533 947 ad
545 904 646 946 librorum
659 911 752 947 veterum

36 978 98 1021 fidem
111 994 160 1021 cum
172 994 463 1032 cnrasrecn10,nscnrriuuo
474 980 559 1037 aliisque
570 979 701 1022 scribendum
710 995 752 1021 esse

34 1054 124 1104 videtur,
143 1062 167 1096 ut
182 1054 227 1097 voci
239 1051 302 1109 ὄνομα
316 1055 433 1098 restituatur
450 1055 565 1107 Articulus,
581 1069 645 1111 quern
656 1054 682 1097 ab
695 1055 751 1097 anti-

36 1143 76 1186 quo
85 1129 140 1171 haud
153 1144 229 1185 paucos
241 1129 329 1172 oniisisse
337 1139 395 1186 puto,
406 1130 447 1173 sive
455 1129 510 1188 quod
522 1145 570 1172 enm
578 1144 751 1186 supervacaneum

35 1204 144 1255 haberent,
166 1219 202 1246 seu
225 1219 294 1247 errore
314 1205 422 1247 oculorum
443 1212 464 1247 et
484 1205 619 1248 festinatione.
648 1205 752 1247 Particula

34 1278 79 1332 dcl,
98 1295 111 1322 a
129 1294 171 1336 quo
184 1280 257 1335 incipit
271 1282 346 1332 oratio,
361 1281 422 1323 multi
437 1280 521 1339 quidem
534 1281 592 1323 abusi
606 1288 653 1322 sunt
665 1281 691 1323 ad
703 1296 753 1323 eon-

33 1353 170 1405 tendendum,
186 1369 293 1398 cunrsrou
307 1355 346 1397 sihi
357 1355 425 1412 ipsum
437 1356 523 1414 gloriam
538 1369 595 1398 suam
607 1356 750 1412 promeruisse

34 1428 69 1470 sed
82 1429 134 1471 absit
147 1436 227 1481 tamen,
243 1438 267 1472 ut
281 1446 325 1481 eam
338 1432 449 1473 causalem
461 1431 530 1473 dicere
543 1439 563 1473 et
574 1431 704 1487 interpretari
716 1446 751 1473 re-

34 1518 116 1545 reamur
126 1510 258 1562 propterca,
272 1520 335 1563 qnam
349 1507 455 1548 notionem
468 1507 486 1548 ci
497 1513 542 1561 post
554 1507 603 1549 alios
617 1514 672 1549 reete
684 1506 751 1548 vindi·
765 1555 766 1558 Ἴ

35 1586 107 1620 earunt
120 1594 203 1622 nutrius
216 1588 237 1622 et
250 1596 380 1624 nrusrsnos.
410 1582 522 1639 Sequentia
533 1582 566 1625 nol
578 1582 590 1624 ὁ
604 1578 665 1633 Θεός,
684 1585 752 1624 etiam

34 1652 105 1707 Deus,
125 1656 141 1696 si
162 1657 280 1711 exponimus
289 1672 334 1715 pro
348 1672 390 1699 sua
397 1664 467 1716 porte
479 1656 549 1709 Deus,
564 1657 698 1713 intelligitur,
713 1672 751 1699 vo-

35 1743 81 1770 cem
94 1730 129 1771 καί
140 1744 182 1771 non
198 1730 323 1783 redundare,
339 1732 375 1775 sed
384 1733 482 1775 inservire
495 1732 521 1775 nd
530 1732 646 1775 Antithesin
656 1747 751 1774 consum-

34 1803 137 1848 mandam.
155 1805 248 1850 Verbum
261 1815 331 1849 autem
343 1807 479 1864 compositum
493 1806 614 1864 tutelone
628 1814 651 1848 ut
658 1807 753 1864 plerique

34 1880 169 1936 interpretes,
192 1895 284 1924 orirerur
303 1880 333 1941 (1)
355 1883 397 1925 iam
415 1890 538 1940 praeeunte,
554 1882 667 1938 asimplici
680 1883 752 1924 distin·

36 1963 118 2008 xerunt;
140 1956 169 1999 sic
183 1957 274 1999 subiecta
287 1956 310 2000 cd
324 1953 388 2012 ὄνομα
400 1957 424 2001 cd
435 1958 488 2017 ὑπὲρ
506 1964 545 2001 cet.
563 1957 649 2009 docent,
668 1973 753 2001 esurum

36 2030 103 2074 dicere
119 2032 180 2074 velle:
197 2047 243 2073 ettae
257 2037 411 2091 stepora'omnes
427 2034 484 2075 alios
498 2035 578 2076 evexit.

54 2106 121 2157 ‚Haec
134 2122 179 2149 insu
193 2107 258 2164 gloria
272 2121 372 2164 quaenam
385 2107 420 2158 sit,
436 2114 508 2150 auctor
520 2108 542 2149 in
558 2109 622 2150 altero
634 2106 695 2149 huius
708 2122 753 2149 ver·

38 2196 69 2223 sus
83 2182 177 2224 membro
191 2183 293 2239 explicere
304 2182 377 2238 incipit
389 2182 498 2239 praemissa
510 2182 615 2225 Particula
629 2183 673 2233 καί,
687 2197 751 2239 quae,

39 2264 60 2297 ut
79 2258 102 2299 in
123 2258 179 2300 omni
196 2273 290 2301 sermone
307 2257 412 2310 humano,
435 2258 464 2301 sic
481 2258 504 2299 in
524 2258 596 2300 Literis
616 2257 683 2301 Sacris
703 2257 753 2299 duas

37 2345 96 2387 saepe
117 2334 220 2376 connectit
240 2334 359 2385 sententias,
380 2348 469 2391 quarum
490 2331 515 2374 ad
536 2332 628 2388 priorem
648 2332 753 2388 explican-

41 2449 210 2460 -—-*—....

59 2519 83 2564 (1)
95 2522 136 2564 OPP·
147 2523 190 2556 TOfll·
202 2527 224 2562 ΙῙ.
235 2539 253 2570 p.
264 2529 299 2559 ote
311 2529 329 2559 E.
341 2525 429 2558 Verborum
439 2526 507 2568 copiam,
523 2535 588 2569 quorum
600 2524 632 2555 vim
646 2529 694 2565 auget
705 2525 753 2557 Prae-

37 2584 92 2622 positio
103 2582 158 2627 ὑπὲρ,
171 2589 247 2629 congessit
260 2598 354 2631 vocamine,
370 2586 456 2621 Attiomdr.
469 2598 485 2630 p.
499 2587 527 2618 64.
551 2585 575 2617 lta
588 2591 603 2617 et
615 2583 685 2619 Verbum
695 2584 754 2630 lfffl’

39 2645 86 2681 viredo
99 2646 161 2678 Peplos.
173 2646 232 2679 xcvi:
246 2651 261 2680 9.
