1650 2790
60 77 99 116 146
316 85 360 113 car.
377 70 402 112 ll.
419 84 476 111 unns.
492 73 512 112 6.

46 212 98 252 ¹qua
118 210 158 236 una
176 193 234 235 nohis
255 194 344 249 quaestio
365 201 404 245 est,
425 193 485 236 etiarn
498 195 600 252 repertam
614 193 646 234 uel
658 191 768 251 praedam
805 219 808 226 ι

57 269 166 314 denotare?
196 267 236 310 Sed
249 268 286 325 qui
299 269 407 324 paululum
422 269 484 311 modo
497 269 522 312 ad
535 268 597 311 verba
609 282 690 310 insanin
704 274 769 310 atten-

58 347 119 396 derit,
136 343 219 394 ridebit,
241 359 274 395 ca,
296 343 312 385 si
330 343 451 385 reddantur:
475 344 509 386 Et
525 345 607 403 rapina
621 345 730 402 pauperis
745 346 770 384 in

57 422 146 465 aeditus
162 421 254 471 vestris,
269 419 307 462 hac
321 426 401 460 tantum
418 418 533 462 conditione
546 419 574 462 ita
586 418 643 461 reddi
656 433 727 474 posse,
747 426 771 460 ut

56 499 138 555 roperta
153 502 264 551 exponatur
278 494 336 552 qrrod
348 499 436 552 raptam
451 500 495 549 est,
510 509 552 536 non
566 509 614 537 uero
631 492 738 553 praeda(
753 492 770 550 )

57 572 152 628 Legimus
165 572 226 613 etiam
239 567 319 627 α’,ρπαγή
330 569 426 614 Lev.Vl:
435 572 455 611 2.
471 569 557 612 nectes.
570 571 595 614 V:
608 572 627 613 7.
639 570 734 613 attali:
743 572 769 611 12

58 654 78 687 et
90 646 145 702 apud
158 660 261 687 unnouor.
275 644 343 687 Proo.
358 646 386 686 X:
401 648 422 695 6,
435 644 470 687 sed
477 660 578 701 nusquam
586 645 621 696 ita,
630 653 653 687 ut
659 645 771 703 praedam

56 721 162 777 significet.
182 721 224 762 Neo
237 734 312 761 unnsro
326 719 352 762 ad
361 734 433 761 rocem
444 720 557 762 Hebraeum
569 707 601 769 lm
615 719 722 778 (scriptum
730 720 771 761 vel-

60 799 100 838 lem
108 785 163 852 nbat)
173 809 291 860 provocasse
296 794 385 851 prodest,
392 795 468 851 quippe
474 809 527 851 quae
535 794 560 836 de
566 801 632 854 raptu
639 796 671 837 vel
678 810 707 846 eo,
715 795 773 853 qztod

58 877 147 930 οάμίιοα
160 876 193 913 est
207 870 268 912 etiam
285 869 370 922 dieitur,
385 877 409 912 ut
419 871 460 912 loci
474 870 548 913 docent
557 886 569 913 a
579 885 674 923 (insumo,
688 885 772 912 ivruuao

59 947 145 1003 aliisque
158 947 213 993 allati
227 946 249 988 in
262 945 339 988 Leiicis
348 944 387 1003 (2).
402 946 473 1002 Itaque
481 946 526 987 iure
534 961 570 987 suo
580 961 678 997 panarius,
690 960 775 988 suimus

60 1029 79 1063 et
96 1036 229 1071 amassenus,
244 1035 339 1071 coccnn,
360 1034 435 1071 TILLH,
451 1035 534 1063 conarer
549 1022 678 1078 aliorumque
691 1020 775 1078 vestigia

58 1103 175 1153 sequentes,
191 1094 295 1137 notionem
307 1095 364 1138 illam
379 1095 434 1137 eoois
449 1094 562 1152 donoypo'g,
576 1097 662 1153 quaein
678 1095 775 1155 Pseudo-

58 1171 181 1214 Plutarcho
194 1171 295 1221 cernitur,
312 1170 394 1212 retineri
407 1170 491 1222 iubent,
505 1178 529 1212 ut
544 1186 606 1214 mom
619 1171 697 1214 dietum
712 1170 775 1213 inter-

58 1254 172 1302 pretemur:
188 1252 276 1305 ιἀμίααι
289 1260 332 1287 reon
346 1246 417 1288 duait.
446 1246 474 1287 At
488 1246 524 1302 qul
539 1246 584 1288 fieri
596 1253 672 1308 potest,
687 1253 721 1298 ut,
736 1246 775 1289 hac

59 1321 225 1378 interpretatione
247 1321 343 1377 probata,
365 1320 433 1363 media
451 1320 487 1363 illa
507 1322 547 1376 οὐχ
565 1321 671 1379 α’ρπαγμδο
686 1319 775 1378 ἡγήσατο

60 1411 109 1438 cum
133 1396 226 1438 extremis
246 1396 377 1453 conspirent?
406 1395 508 1438 Nimirum
529 1402 599 1455 rapto
614 1397 733 1448 denotatur,
752 1403 776 1438 ut

60 1471 135 1514 docent
152 1470 309 1529 Lexicographi,
329 1475 399 1526 oeteo,
416 1487 460 1529 qaia
478 1473 527 1529 quis
543 1477 630 1529 operte,
644 1471 703 1529 quod
715 1486 776 1512 οιιαια

60 1562 102 1589 uon
117 1552 162 1602 est,
176 1562 238 1604 suum
245 1548 312 1603 facit.
343 1547 387 1588 Hoc
400 1553 469 1588 autem
481 1545 504 1587 in
515 1546 561 1587 loco
573 1547 625 1588 actio
634 1546 679 1598 illa,
693 1553 717 1587 ut:
725 1545 777 1587 mihi

59 1636 180 1677 persuasum
203 1629 243 1671 est,
267 1621 294 1661 de
313 1636 337 1662 re
355 1621 441 1673 dicitur,
458 1634 513 1677 quoe
536 1623 629 1662 actionis
650 1636 717 1662 carisa
737 1627 776 1662 est.

61 1695 183 1752 Metonpmia
198 1710 219 1736 se
232 1695 275 1750 ipsa
289 1694 358 1745 offert,
372 1709 440 1750 neque
451 1695 513 1751 longe
526 1695 642 1750 quaerenda
654 1703 702 1737 sunt
710 1710 777 1738 erem-

62 1772 102 1826 pla
134 1770 187 1823 Quid
210 1770 264 1811 enini
283 1770 345 1812 rerba
366 1768 415 1813 Ῐαο,
434 1769 455 1810 I:
474 1772 497 1810 2:
521 1771 596 1812 Πᾶσαι
613 1770 679 1826 χαράν
700 1769 778 1828 ἡγήσα-

62 1850 112 1897 σθε,
131 1863 180 1888 οταν
200 1849 315 1903 πειρασμοῖς
334 1844 450 1903 περιπέσητε
462 1843 564 1895 ποικίλοις,
577 1843 633 1886 aliud
646 1844 684 1886 sibi
694 1845 776 1895 uolunt,

63 1935 135 1977 quam:
156 1920 173 1961 si
197 1919 279 1976 quando
298 1919 320 1961 in
340 1920 403 1962 uarias
421 1918 533 1962 incideritis
551 1918 685 1970 calamitates,
703 1920 778 1976 quibus

64 1994 206 2051 exploremini,
220 1994 273 2037 hanc
288 2010 333 2036 rem
346 1994 426 2049 ducite,
447 1995 474 2037 de
487 2009 530 2052 qua
545 1995 630 2035 cornino
640 1994 779 2053 gaudeatis?

64 2071 160 2113 Similiter
181 2085 258 2112 rannus
274 2073 286 2113 2
302 2070 348 2129 Ep.
363 2071 404 2112 lll:
420 2073 446 2113 15
468 2070 568 2113 scribens:
589 2068 626 2125 adv
645 2073 683 2113 τοῦ
702 2071 780 2129 Καρίου

63 2145 123 2201 ἡμῶν
137 2144 280 2202 μακροθυμίαν
293 2145 393 2202 σωτηρίαν
405 2146 499 2202 ἡγοῖσθε,
522 2145 545 2187 in
564 2151 634 2194 mente
648 2144 730 2186 habuit:
748 2145 781 2186 in-

64 2220 192 2277 dulgentiam
206 2219 287 2261 Domini
301 2220 364 2262 nostri
379 2235 425 2262 rem
436 2219 519 2271 ducite,
533 2235 588 2277 quae
601 2220 659 2261 vobis
673 2220 782 2262 salutaris

64 2299 101 2337 stt.
133 2296 187 2352 Ergo
200 2294 221 2336 in
236 2294 414 2350 reprehensionem
424 2294 508 2351 quidem
522 2310 564 2337 non
576 2295 691 2346 incurram,
704 2295 721 2337 si
734 2311 781 2338 ean-

64 2372 113 2413 dem
128 2371 214 2413 orationi
227 2384 309 2427 quoque
321 2386 383 2413 raum
395 2370 461 2412 inesse
473 2369 541 2412 dinero
549 2371 698 2430 lletonpuniam.
714 2372 781 2425 Qiram

64 2447 119 2489 bene
137 2454 206 2490 autem
223 2445 284 2489 rerba
303 2446 341 2502 οὐχ
354 2444 462 2503 ἁρπαγμόν
474 2444 574 2502 ἡγήσατο,
594 2446 611 2487 si
624 2437 723 2489 sententia
736 2459 782 2487 mea

87 2620 113 2666 ’(1)
125 2623 149 2655 Sic
160 2623 285 2665 interpretantur
296 2628 377 2663 euserius,
390 2629 441 2652 unna
453 2620 513 2665 aliique
524 2623 541 2652 in
554 2624 647 2655 Comparate
660 2623 679 2655 «αἱ
691 2623 707 2654 h.
720 2623 733 2654 l.

89 2683 114 2728 (2)
126 2684 151 2717 Cf.
163 2692 233 2725 neonus,
251 2685 320 2716 θιαοιοι,
335 2684 384 2716 mn.
397 2682 433 2715 Vol.
447 2684 459 2716 Ι,
471 2695 487 2725 p.
501 2684 540 2715 207.
