1650 2790
79 58 119 98 tto
326 68 370 95 crin¹
386 55 411 96 lt.
429 68 485 96 ruas.
504 57 536 96 12,

77 180 156 238 alborg.
177 179 266 234 *linagm
280 191 343 234 quam
356 178 413 220 nobis
426 178 495 230 offert,
510 194 521 221 a
535 179 595 221 servis
607 179 681 236 potita,
695 181 745 224 siin
757 182 789 225 di-

78 257 166 299 ctionem
177 254 281 310 propriam
294 262 433 306 convertatur,
447 255 578 298 scribendrun
591 271 632 299 esso
645 271 727 299 summa
742 262 790 301 cini-

77 337 109 374 υνί
119 332 259 385 demissione,
273 331 322 373 locis
336 331 434 372 similibus
447 331 531 374 Psolm.
543 333 573 374 II:
589 335 622 376 11.
637 334 653 395 1z
665 333 715 377 Gor.
728 334 789 378 1123.

67 411 91 450 ·2
108 407 158 452 Cor.
170 407 219 451 VH:
234 408 268 450 15.
281 406 340 465 Ept.
354 406 394 450 VI:
409 410 421 450 5
435 407 574 460 conferendis,
587 408 725 464 maximopere
740 424 790 465 pro—

77 485 126 526 ]rarc
144 491 227 526 conatus
247 491 276 525 est
299 497 393 534 ostreno,
409 497 586 536 cunrsosrouum
601 485 637 541 qui
650 484 730 540 scripsit
741 486 791 539 μετα

76 556 270 617 ταπεινοφροσύνης,
284 559 373 614 aliosque
386 559 469 603 Veteres
482 567 569 604 secutus.
600 562 679 616 Reapse
691 575 740 602 rero
752 560 791 602 illis

77 636 143 692 magis
158 635 288 685 assentimur,
305 648 367 690 quam
381 635 472 676 assentiri
487 635 590 686 videmur,
606 637 622 677 si
637 650 684 676 cum
697 650 791 679 verneio

78 711 237 766 interpretamur
252 725 298 751 eom
309 724 392 751 summo
407 709 536 767 diligentes,
552 711 585 752 rel
597 710 675 766 potius,
689 718 712 752 ut
723 710 792 753 suadet

78 801 226 835 aaarrurasms,
248 800 275 826 ex
294 790 363 827 mente
376 785 422 827 Deo
437 787 605 843 religiosissime
618 786 701 827 devota.
733 786 792 828 Gete-

78 876 126 902 rum
140 860 274 916 Participium
288 856 434 910 υίταασνίσαντες
448 860 587 903 obedientiarii
595 866 738 919 praestantes
751 875 793 902 uon

78 936 247 991 praecedentibus
268 939 290 979 ἒν
302 941 330 995 τῇ
343 935 430 995 σίαουσίρ
443 954 495 990 μου,
515 943 539 977 ut
555 937 617 994 vulgo
634 937 742 987 statuitur,
756 935 794 995 ⁴sed

79 1010 128 1053 hnic
143 1011 243 1052 formulae
249 1010 301 1064 μετα
314 1007 379 1067 φόβον
393 1012 426 1053 καί
439 1009 514 1066 τρόμου
529 1011 637 1068 cogitando
645 1011 795 1054 subiiciendum

79 1101 132 1137 csse,
148 1087 186 1128 tria
200 1084 252 1127 mihi
263 1088 424 1142 persuasermat:‘
434 1093 454 1127 et
468 1079 531 1142 ipsius
546 1087 659 1138 formulae,
671 1088 748 1149 quippe
761 1086 795 1129 oui

78 1163 120 1203 iam
141 1161 240 1217 implicite
262 1161 394 1203 obedientiae
412 1161 467 1203 notio
482 1161 545 1212 inest,
564 1161 675 1204 obsecratio
681 1177 686 1214 ;
703 1169 723 1202 et
737 1162 795 1204 loco-

79 1253 127 1279 rum
148 1252 209 1293 supra
229 1238 372 1288 excitatorum⁷
393 1237 415 1278 in
440 1251 529 1293 quorum
549 1237 653 1292 plerisque
674 1237 795 1278 obedientie

80 1314 174 1368 proxime
193 1320 330 1364 memoratur,
355 1312 488 1368 comparati03
511 1319 530 1353 et
547 1311 680 1354 consideratio
695 1311 795 1367 deniquo,

81 1388 241 1430 admonitionem
267 1395 386 1444 sequentem
410 1387 447 1444 την
465 1387 544 1430 ἑαυτῶν
563 1387 662 1445 σωτηρίαν
681 1384 797 1444 κατεργαζο-

80 1469 120 1506 ode
139 1465 202 1506 talem
225 1478 278 1515 esse,
298 1471 321 1504 ut
340 1478 400 1519 aegre
421 1478 444 1505 ae
463 1463 570 1505 difficulter
587 1478 634 1506 curn
649 1463 686 1505 illa
700 1463 794 1505 connecti

80 1540 147 1594 possit.

109 1615 139 1654 Er
154 1628 215 1667 supra
231 1612 335 1667 disputatis
351 1612 393 1654 iant
407 1612 540 1669 intelligitur7
556 1626 646 1668 quonam
660 1609 706 1654 loco
723 1621 742 1654 ct
756 1627 794 1654 nu-

60 1698 62 1701 ·
81 1703 138 1729 mero
153 1682 218 1743 ipsam
233 1686 319 1729 habeam
334 1686 494 1728 admonitionem
508 1687 545 1743 την
558 1687 636 1731 ἑαυτῶν
649 1688 747 1744 σωτηρίαν
758 1704 794 1730 αα-

81 1762 206 1820 τοργτίζεσθε.
235 1762 314 1818 Sequor
333 1760 521 1817 interpretationem
543 1761 596 1813 eius,
617 1762 642 1804 de
658 1776 699 1818 qua
714 1777 796 1811 omnes,

82 1846 182 1894 quesitum
197 1837 250 1887 scio,
265 1837 319 1879 inter
334 1852 355 1878 se
372 1845 518 1878 consenserunt
532 1837 634 1880 Ecclesiae
643 1838 718 1889 Patres,
728 1852 797 1879 omnes

80 1922 125 1970 post
139 1915 249 1955 Sacrorum
261 1911 429 1954 instaurationem
441 1912 485 1957 Viri
498 1911 612 1968 principes,
626 1912 691 1955 donec
705 1913 760 1956 haud
771 1914 800 1954 ita

82 1989 162 2045 pridem
176 1989 278 2039 nonnulli,
293 2004 332 2031 nec
346 1995 413 2031 tamen
428 1987 506 2030 indocti
513 1987 565 2041 Viri,
574 1988 635 2031 aliam
642 1988 799 2046 ingrederentur

82 2065 146 2115 riam,
167 2078 220 2120 quae
241 2078 298 2105 nuno
316 2064 404 2105 niarime
423 2064 504 2106 tritaet
520 2073 615 2107 consueta
632 2072 667 2107 est,
698 2065 800 2107 Nimirum

82 2141 199 2181 Proitourcn
214 2139 291 2182 ἑαυτῶν
304 2154 342 2195 pro
357 2137 451 2196 ἀλλήλων
464 2139 553 2194 positum
567 2154 609 2180 esse
622 2147 736 2190 sumentes,
749 2154 799 2180 rau-

82 2230 125 2256 cum
140 2213 300 2271 praecipientem
313 2213 403 2264 faciunt,
418 2219 490 2255 νααίαο
507 2216 597 2270 qitz'spne
615 2213 674 2271 ραοσί
688 2214 742 2255 olti‘s
757 2229 800 2256 εα-

81 2293 125 2332 luet
145 2293 176 2331 sz't
185 2289 294 2347 perficite.
325 2289 370 2330 Iam
385 2290 440 2330 ultro
456 2297 475 2331 et
492 2289 580 2330 libenter
594 2289 669 2339 fateor,
687 2290 801 2331 orationem

82 2373 199 2421 coratertam
220 2364 249 2407 ita
270 2380 312 2406 esse
333 2371 480 2419 comparatam,
503 2371 526 2405 ut
544 2363 598 2406 hanc
611 2365 801 2420 interpretationem

82 2442 148 2499 primo
158 2436 247 2497 >aspectu
261 2441 344 2483 omnino
358 2440 461 2496 postulare
476 2439 575 2482 rideatur.
597 2441 650 2482 Tum
665 2441 755 2483 subsidio
764 2454 801 2482 ve-

83 2518 144 2559 niunt
166 2517 227 2559 aarulti
244 2517 298 2568 loci,
324 2531 348 2558 cr
367 2515 424 2557 libris
440 2524 482 2558 tam
498 2523 626 2568 exterorum,
649 2530 711 2572 quam
726 2517 802 2558 Sacro-

84 2607 131 2635 rum
150 2592 279 2647 Scriptorum
298 2590 368 2646 potiti,
389 2592 411 2633 in
429 2591 504 2649 tinibus
520 2590 606 2632 candem
621 2590 679 2632 aiunt
695 2591 802 2646 utriusque

85 2669 138 2710 iocis
160 2670 329 2723 pcanairtatioucm
351 2668 443 2723 reperiri
473 2665 512 2708 Sed
529 2668 626 2717 lustratis,
643 2681 695 2721 quae
711 2666 801 2709 afferun-
