1650 2790
97 47 139 87 288
347 58 390 85 σου,
406 43 440 87 tv.
456 57 511 84 rsus,
528 45 547 83 7.

98 166 150 208 nihil
162 167 225 217 inest,
242 166 297 223 quod
310 164 359 207 hine
373 165 476 209 discedere
490 172 555 223 cogat.
587 165 644 218 Quae
656 180 704 207 cum
716 164 744 207 ita
755 165 806 218 sint,

98 240 138 283 hoe
153 242 213 283 etiam
226 241 272 283 loco
287 241 392 283 notionem
405 244 472 300 pacis
487 242 574 282 retinere
589 240 642 282 malo
656 256 704 283 cum
716 255 808 283 unnrso-

98 331 166 358 srorro
195 316 280 372 aliisque
304 316 383 366 multis,
404 317 440 372 qui
461 311 629 371 interpretantur:
643 330 694 372 pasc
715 317 809 357 donariis

102 392 228 435 Clrm'str'ant
242 407 287 433 cnm
306 391 360 433 Deo.
391 392 417 433 Ar
431 406 488 442 vero,
503 406 551 432 curn
566 405 607 432 non
621 390 710 442 rideam,
723 406 810 448 quomo-

100 468 125 509 do
144 470 166 509 in
184 483 257 523 pacem
275 467 348 510 cadant
365 467 456 509 subiecta
467 465 574 524 φρουρήσει
588 474 626 508 cet.
640 463 736 507 hactenus
749 466 774 507 ah
786 466 811 507 iis

100 542 206 593 dissentio,
233 550 256 584 ut
280 544 332 600 praet
352 556 389 596 per
409 542 577 597 Prosopopoe'r'am
596 539 720 595 adscriptum
741 546 811 595 putem

100 618 166 668 aaut,
184 618 242 675 qnod
257 634 272 659 a
285 617 330 659 Boo
338 615 500 674 proficz'scc'trn',
515 619 554 673 φαι
561 629 640 672 focacem
655 630 701 656 cam
714 615 811 655 Ιιυανινιί-

101 694 139 735 bas
147 695 210 750 fecit.
243 694 296 749 Ergo
310 693 388 734 Graeca
398 692 430 734 nol
442 691 456 747 ἦ
469 688 535 747 εἰρήνη
546 693 583 733 τοῦ
592 692 644 732 Θεοῦ
650 688 813 746 ,ήῦκερέχουσα

101 767 167 811 πάντα
180 772 238 821 νοῦν,
253 767 349 809 rertendo
366 766 450 823 quidem
463 764 535 807 reddo:
552 770 573 806 et
580 780 630 822 φανο
645 765 688 806 itta
696 764 750 813 Bet,
758 780 813 822 φαασ

103 858 182 884 otonem
203 845 356 901 cogitationem·
379 847 483 900 caperon
508 839 543 884 sed
564 839 615 882 haec
632 840 661 881 ita
679 854 769 895 expono:
794 846 814 881 et

103 919 174 972 lteris,
188 920 254 975 pacis
267 918 329 960 illias
343 924 429 981 coarctor,
441 932 495 974 φκαο
510 931 590 958 ornnem
602 917 754 973 cogitationem
772 930 813 956 sa-

99 999 179 1051 perat,
195 993 284 1049 ideoque
298 993 376 1050 efficax
391 998 503 1049 estsuper
519 1006 591 1046 ονααο,
606 991 665 1048 qnod
678 991 759 1032 tornius
775 1005 814 1032 oe—

102 1070 138 1108 ao't
152 1070 176 1108 ι’νι
191 1073 288 1109 ιασνιλυνκ.
319 1067 416 1109 Similiter
428 1081 504 1108 annius
522 1065 582 1124 Εφνλι.
599 1065 641 1106 HI:
657 1068 695 1117 19,
715 1069 756 1117 20,
775 1081 815 1123 quo

103 1144 148 1184 loeo
160 1143 289 1197 Imenaretes,
305 1141 392 1198 quisque
409 1140 435 1183 ad
449 1155 506 1182 suam
516 1140 636 1181 sententiam
649 1139 815 1195 confirmandam,

104 1219 135 1260 usi
156 1225 213 1269 suut,
235 1216 271 1273 σήν
286 1213 450 1271 ὑπερβάλλουσαν
468 1218 503 1270 τῆς
520 1212 609 1269 amimae
625 1212 704 1271 α’γανιήν
716 1218 753 1257 τοῦ
765 1219 817 1270 Χρι-

105 1295 155 1335 στοῦ
168 1291 271 1348 praedicat
281 1291 365 1345 Deoque
378 1289 420 1330 rim
433 1289 503 1330 tribuit
516 1287 603 1330 faciendi
615 1288 665 1344 ῦκὲρ
679 1287 745 1332 πάντα
757 1290 818 1346 υκερ-

104 1371 229 1424 σκπερισσοῦ,
243 1360 271 1409 ὧν
285 1361 397 1418 αἰτούμεθα
410 1359 424 1419 ἢ
438 1367 526 1418 νοοῦμεν.

133 1441 230 1483 Faciliora
250 1439 356 1482 intellectu
372 1444 418 1479 sunt
434 1438 538 1495 sequentia
555 1436 663 1496 φρουρήσει
682 1438 717 1489 νας
737 1438 817 1495 καρδίας

105 1514 162 1568 ῦμιῦν
182 1516 215 1557 καὶ
234 1513 260 1557 cd
279 1512 370 1571 νοήματα
390 1513 448 1566 dania
468 1514 489 1555 ἒν
510 1515 593 1571 Χριστῷ
612 1513 686 1569 Ἰησοῦ.
715 1515 818 1556 Postrema

106 1590 160 1631 enim
176 1591 197 1632 ἐν
211 1591 295 1647 Χριστῷ
308 1588 373 1644 Ἰησοῦ
393 1586 481 1629 dubitari
500 1587 659 1649 nequit„quin
680 1588 715 1630 hle
735 1603 818 1644 quoque

106 1665 173 1706 dicere
193 1663 267 1704 velint:
291 1664 314 1703 ι’νι
334 1664 479 1704 οονκννιιιιιιονιο
494 1677 578 1704 cnnrsrr
594 1676 644 1704 insu.
674 1662 819 1705 Praecedentia

99 1737 142 1788 ’σας
156 1738 236 1794 καρδίας
248 1736 307 1790 υμῶν
318 1738 353 1779 καὶ
365 1735 391 1779 cd
402 1734 493 1793 νοήματα
507 1738 576 1791 dario,
591 1752 639 1780 cum
645 1745 753 1795 utramque
761 1753 818 1780 men-

106 1814 131 1855 tis
145 1813 256 1863 humanae,
273 1819 296 1853 nt
318 1820 373 1854 recte
387 1820 457 1855 monet
473 1827 586 1863 cuurrnus,
602 1821 717 1869 proponant
730 1814 819 1856 faculta-

106 1897 159 1940 tem,
176 1889 301 1930 voluntatem
315 1895 339 1929 et
349 1887 488 1938 intellectum,
503 1903 583 1930 omnem
596 1891 674 1930 nzerrtr's
688 1888 819 1947 (amptitudi-

106 1979 151 2005 nem
168 1963 271 2005 denotant.
302 1962 395 2005 Gonncna
410 1970 479 2005 autem
498 1961 605 2020 φρουρήσει
620 1966 642 2007 ἒν
656 1967 739 2023 Χριστῷ
751 1964 819 2021 Ἰησοῦ

107 2053 278 2088 cunrsusrerrus,
299 2052 390 2094 quocum
420 2038 548 2081 consentiunt
578 2054 721 2089 cucurrimus,
751 2055 819 2082 ruro-

107 2130 237 2165 auruaerus,
255 2113 299 2164 alii,
314 2114 368 2155 hene
380 2114 537 2169 interpretatur:
551 2117 573 2159 ἕν
587 2114 643 2174 αῦτήῦ
659 2113 742 2171 φυλάξει
746 2148 753 2167 ,
770 2111 820 2159 ὥστε

107 2190 172 2244 μένειν
193 2191 226 2232 καὶ
244 2188 274 2246 μή
295 2191 381 2232 ἐκπεσεῖν
399 2189 461 2232 αὐτοῦ
479 2192 516 2246 τῆς
531 2189 620 2240 πίστεως.
647 2191 740 2234 Verbum
757 2191 820 2248 igitur

108 2261 227 2323 φρουρήσει,
247 2280 259 2307 a
283 2279 305 2306 re
319 2264 402 2306 militari
415 2263 441 2306 ad
455 2279 539 2307 eunrsrr
558 2280 639 2308 causam
651 2266 769 2307 translatum
784 2266 818 2324 (cf.

110 2344 119 2380 1
135 2340 184 2382 Pet.
204 2340 226 2380 I:
242 2336 274 2396 5),
295 2339 335 2382 hoc
350 2339 395 2380 loco
409 2339 472 2381 reluti
487 2354 600 2396 praegnans
617 2347 657 2392 est,
673 2348 696 2382 ut
711 2342 740 2384 sie
758 2341 820 2397 expli-

109 2414 198 2456 candum
218 2415 251 2456 sit:
268 2415 374 2457 custodiet
386 2420 410 2456 at
420 2418 576 2473 perseveretis.
607 2416 659 2457 Sunt
673 2416 768 2473 quidem,
785 2416 820 2474 qui

110 2504 157 2531 cum
173 2489 274 2548 Vulgato
287 2490 337 2533 aar.
353 2489 441 2532 scrihere
454 2490 526 2533 malint
540 2490 659 2542 custodat,
673 2491 773 2534 Futurum
783 2490 820 2548 pio

109 2564 203 2620 liptatiro
218 2565 307 2622 positum
322 2580 363 2607 esse
378 2565 529 2607 contendentes.
560 2566 620 2619 Quod
632 2567 687 2609 aiens
702 2565 743 2609 iam
754 2580 820 2609 cunr-

109 2653 221 2690 sosianus,
245 2656 306 2683 ritum
328 2648 418 2682 mentem
433 2656 474 2682 esse
489 2640 586 2682 coniecit:
605 2642 629 2684 Ὁ
645 2639 755 2699 ῥυσάμενος
769 2642 821 2694 ῦιιιῖς
