1650 2790
86 27 112 65 14
381 36 497 64 rrrnorrus.

49 170 51 172 -
84 144 139 203 (prod
155 144 209 187 haud
223 144 284 187 dubie
298 160 309 186 a
324 145 397 200 potiori
410 153 466 201 parte
481 147 557 188 lactum
570 151 603 186 est.
621 146 647 187 dt
660 145 795 201 quodscms-

85 234 128 262 mus
147 220 251 263 contendit
267 218 309 277 (l),
331 221 448 263 societatem
463 220 640 279 Philippensium
663 220 796 263 Christianam

85 312 108 338 er
130 297 234 351 proselytis
257 294 393 352 gentibusque
409 297 492 347 exteris,
515 312 557 339 non
572 296 659 340 admixta
674 296 796 338 Iudaeorum

84 371 205 427 propagine,
222 377 365 428 congregatam
382 384 433 421 esse,
450 385 521 413 vereor
532 380 611 423 tamen,
628 387 654 414 ne
665 370 750 413 modum
761 386 796 413 su-

83 453 146 503 peret.
177 445 278 503 Equidem
297 453 351 488 certe
373 445 497 488 contrarium
518 446 565 489 inde
589 447 641 489 effici
659 462 716 503 posse
734 455 795 502 puto,

84 520 139 579 quod
161 521 244 564 societas
262 522 297 564 illa
316 521 398 564 initium
418 522 471 579 cepit
483 522 509 564 ab
525 522 652 564 instituendis
665 522 795 571 mulieribus,

85 610 138 653 qnae
158 596 191 638 die
209 596 286 640 sabbati
304 597 329 639 ad
345 598 484 653 precationem
503 605 648 648 convenerant;
664 598 735 640 lrrdaei
749 612 796 639 rero

84 685 157 712 noram
179 670 293 713 doctrinam
311 687 411 727 nusquam
432 687 558 728 oppugnasse
580 672 682 714 dieantur.
719 672 797 715 Deinde

84 746 277 804 Philippensibus,
297 745 314 786 si
334 745 379 786 unis
400 760 424 785 err
442 745 548 801 Proselytis
564 754 583 787 et
601 745 693 803 gentihus
707 749 797 789 concreti

85 829 161 871 essent,
181 819 236 863 haud
257 821 298 862 scio
318 834 376 870 sane,
401 834 427 861 an
449 834 596 875 supervacanea
615 821 699 863 luissent
720 822 797 863 monita

85 911 129 951 cap.
147 896 187 938 111:
208 899 221 938 2
240 911 284 952 sqq.
303 895 401 951 quibusa
417 893 517 937 ludaismo
535 895 630 937 sectando
647 895 796 939 cohiberentur.

85 972 127 1013 Nec
142 971 202 1013 facile
215 970 347 1020 crediderim,
369 984 450 1011 rariori
462 969 499 1012 hos
517 984 599 1012 onnrsrr
611 979 728 1021 sectatores,
742 978 797 1013 tanto

85 1046 147 1089 animi
159 1045 242 1096 ardore,
259 1052 359 1101 quantum
372 1044 407 1087 hic
424 1044 520 1095 ostendit,
537 1054 608 1087 contra
621 1046 718 1088 Iudaismi
731 1046 798 1088 uindi-

86 1137 119 1165 ces
136 1120 304 1164 eonfirmaturum
321 1121 393 1171 luisse,
408 1121 447 1163 nisi
464 1135 487 1163 ex
501 1120 655 1179 Epaphrodito
669 1122 701 1164 vel
716 1120 798 1163 aliunde

87 1197 158 1249 sciret,
181 1196 280 1238 eiusmodi
298 1204 425 1252 corruptores
443 1197 484 1238 ianr
503 1198 595 1239 incautos
610 1197 689 1254 quossis
704 1197 730 1239 ad
746 1197 799 1238 viani

30 1288 32 1290 ·
87 1274 129 1314 veri
148 1272 281 1316 deserendam
302 1272 409 1314 sollicitare
430 1269 468 1329 (2).
507 1273 600 1314 Ceterum
622 1272 713 1327 Apostoli
733 1271 799 1312 verbis

87 1363 114 1390 rs.
130 1351 168 1400 18,
185 1351 212 1392 19
226 1347 277 1391 nihil
291 1349 356 1389 inesse
369 1347 437 1398 rideo,
454 1362 490 1389 cur
503 1347 595 1390 homines
609 1348 639 1390 ibi
650 1348 713 1390 notati
727 1346 799 1389 docto-

87 1438 117 1464 res
137 1423 182 1465 falsi
200 1424 262 1465 fuisse
282 1430 408 1465 censeantur.
439 1422 507 1474 Quare
526 1437 564 1465 nec
581 1423 727 1479 interpretibus
743 1421 799 1464 haud

86 1500 155 1555 paucis
172 1496 202 1555 (3)
226 1499 338 1540 concedere
350 1506 448 1554 possum,
464 1499 505 1539 vim
519 1498 547 1539 iis-
557 1499 644 1554 proponi
655 1498 798 1554 perniciosam,

88 1588 150 1630 quam
165 1572 261 1614 Iudaismi
276 1574 388 1629 superstitio
402 1571 475 1615 lrabeat
490 1573 516 1615 ad
529 1587 595 1614 mores
606 1572 752 1629 depravandum
761 1587 800 1614 nec

88 1662 224 1690 suaruouuro
247 1645 277 1705 (4)
306 1649 413 1698 assentior,
435 1661 481 1690 euni
502 1647 623 1703 reprehendi
640 1654 698 1703 putat
718 1655 800 1690 conatus

88 1723 239 1779 Sadducaeismi
252 1724 274 1764 in
287 1723 404 1765 societatem
419 1737 490 1764 recens
503 1722 606 1765 conditam
619 1721 749 1778 importandi.
775 1724 801 1764 At

89 1813 137 1842 eum
153 1813 246 1841 sancero
261 1807 329 1840 tamen
342 1806 361 1840 et
376 1812 471 1840 scuruzro
485 1795 515 1856 (5)
529 1812 570 1839 non
582 1797 719 1853 improbamus
733 1799 801 1839 moni—

89 1883 134 1915 tum
149 1876 202 1925 eius,
218 1874 347 1930 Apostolum,
364 1874 380 1915 si
395 1873 434 1915 hoc
448 1872 494 1915 loco
508 1873 589 1914 eosdem
605 1871 763 1929 reprehenderet
777 1888 801 1915 ac

89 1964 150 2006 supra
162 1965 189 1992 vs.
208 1952 221 1991 2
234 1965 277 2007 sqq.
292 1949 415 2005 scripturum
430 1963 472 1991 non
484 1949 556 1990 fuisse:
574 1945 608 1999 orig
625 1945 720 1998 πολλάκις
736 1948 801 2004 ἔλεγον

89 2023 148 2077 ὑμῖν,
161 2027 197 2067 νῦν
211 2024 235 2067 δὲ
249 2026 282 2067 καὶ
295 2025 368 2069 κλαίων
381 2024 437 2080 λέγω,
465 2023 506 2065 Sed
517 2022 567 2065 haec
582 2024 643 2065 etiam
655 2023 726 2074 rerba,
737 2038 802 2080 aeque

115 2212 138 2258 (r)
150 2224 167 2256 p.
180 2212 211 2254 er,
224 2213 245 2244 75
258 2212 277 2242 u.

112 2275 136 2320 (2)
148 2275 225 2306 Hactenus
236 2275 314 2305 consentio
326 2285 360 2304 cum
373 2282 477 2305 uarrurrsro.
489 2284 505 2314 p.
517 2274 544 2304 13.

113 2334 138 2381 (3)
149 2338 237 2379 sranrros,
249 2335 320 2377 Irrturpr.
333 2336 365 2377 Ep.
378 2343 428 2366 raom
438 2334 460 2365 od
470 2334 520 2367 Puer.
533 2333 551 2365 ad
563 2333 578 2365 ll.
592 2333 603 2366 1.
616 2336 676 2377 Opuse.
684 2336 736 2368 deod.
745 2336 781 2367 Vol.
789 2337 801 2367 t.

91 2411 107 2442 p.
128 2400 160 2430 aul
176 2410 211 2442 sqq.
233 2398 315 2438 Ferreus,
334 2398 393 2429 Verius.
411 2398 438 2428 rib.
458 2396 474 2429 d.
486 2398 516 2429 Br.
532 2405 581 2427 unum
594 2407 616 2427 uir
630 2397 657 2428 die
669 2395 743 2439 Philipp.
760 2397 802 2429 Kal.

94 2459 154 2492 Thess.
165 2471 183 2491 u.
194 2471 216 2492 uo
228 2460 275 2492 Phil.
284 2458 304 2490 ad
315 2458 331 2490 h.
342 2458 353 2490 1.
372 2459 467 2491 diruamus.
479 2466 495 2490 ct
508 2467 613 2491 mlutltwttu.
625 2459 644 2491 od
653 2459 668 2492 h.
681 2459 693 2491 1.
704 2461 802 2503 Antiquioros

92 2521 147 2561 mitto,
160 2532 198 2564 qnos
210 2522 240 2553 iam
251 2521 335 2564 praecessit
348 2529 467 2552 rrruooorurus.

114 2581 139 2625 (4)
151 2582 163 2614 1.
174 2574 215 2624 ep.
227 2583 271 2613 alos
282 2580 320 2614 ssu.
331 2593 348 2624 p.
361 2584 406 2613 erre
419 2593 454 2626 sqq.

115 2643 141 2689 (ὃ)
153 2645 220 2677 Souorr.
234 2655 250 2687 p.
263 2645 302 2675 279.
326 2645 390 2678 Scnrrz.
405 2656 422 2686 p.
435 2644 466 2681 62,
480 2644 501 2674 63
512 2643 546 2675 roll.
558 2645 586 2676 711,
