1650 2790
313 41 357 69 ctu.
373 28 389 68 l.
405 42 460 68 vens.
477 28 493 67 1.
733 26 759 67 33

49 172 88 201 uno
102 152 194 196 conuecti
208 150 288 192 dehent
319 149 413 190 Ceterum
426 150 491 204 ἁγίους
506 162 547 190 esse
558 147 650 188 homines
666 147 759 190 sauctita-

49 233 70 273 tis
85 243 145 272 eausa
159 227 185 268 ab
200 226 224 266 iis
236 231 347 280 separatos,
364 223 399 279 qui
415 230 473 265 extra
486 223 603 279 societatem
616 235 699 264 onnrsnr
716 236 759 262 ver-

47 312 126 353 sentur,
139 303 223 357 Deoquc
236 288 380 348 conseo1·atos‚÷
388 298 433 340 satis
445 312 546 353 superque
558 297 759 339 docetsunmcsrsin

47 378 185 434 Disputatione
194 375 220 416 de
235 374 329 415 detersis
337 389 409 416 υουιιοι
417 373 483 434 ΨΊἾΡ,
492 370 545 427 ἅγιος
553 378 574 413 et
580 373 681 430 affinibus
689 375 760 431 sagni-

38 452 191 509 stcate'om'dus:
206 450 262 492 cuius
276 449 386 504 praecipua
393 448 459 502 capitu
466 454 564 500 excerpta
571 446 667 489 suntinT
666 448 760 490 tesauro

46 529 146 586 linguae
165 524 273 574 Graecae,
290 522 326 579 qui
343 536 414 577 nuper.
424 520 524 563 Parisiis
537 520 560 561 iu
574 520 642 562 lucem
658 522 690 563 edi
704 523 759 565 ince-

46 604 82 659 pit.
112 602 142 643 De
159 599 285 642 Traiectione
300 599 384 654 Χριστῷ
397 595 462 651 Ἰησοῦ
480 609 564 659 monere
580 596 664 645 suffieit,
681 611 726 637 eam
738 598 761 639 in

47 680 102 721 Novo
115 678 242 718 Testamenta
256 673 385 727 frequentem
400 684 451 719 esse,
468 669 516 725 quia
527 684 603 711 nomen
617 673 709 728 Χριστοῦ
721 686 762 713 non

49 750 153 806 proprium
167 747 201 796 sit,
217 745 252 787 sed
267 745 431 802 appellativum.

79 824 179 869 Universis
195 836 278 864 onnrsrr
290 820 420 862 sectatoribus
438 836 482 872 eos,
494 819 530 877 qui
545 820 663 884 de'le'popz's
682 820 712 881 (1)
730 835 763 865 ce*

50 910 101 944 teros
118 898 215 955 dignitate
230 897 369 952 praestabant,
388 896 491 953 sigillatim
506 896 575 939 adiicit
590 898 763 940 rnususscriben·

50 975 75 1016 do
88 973 125 1017 συν
136 971 249 1023 ἐπισκόποις
262 973 294 1014 καὶ
307 969 413 1023 διακόνοις,
426 971 448 1013 id
463 979 503 1024 est,
519 987 564 1014 υπιι
581 988 628 1015 corn
642 970 764 1031 Episcopz's

50 1055 70 1091 et
88 1048 198 1091 Diaeom's.
230 1046 290 1100 Quod
310 1047 326 1087 si
342 1060 390 1088 cum
401 1061 559 1090 ›ounrsomouo
577 1048 662 1104 aliisque
677 1048 764 1104 antiquis

50 1122 196 1179 Interpretihus
209 1122 237 1164 ita
249 1128 351 1171 mutatur,
365 1128 389 1162 ut
404 1136 429 1162 ex
442 1121 520 1163 duabus
533 1122 617 1164 vocibus
633 1122 670 1165 cdv
686 1125 766 1166 destrunt⁴

50 1216 92 1249 ποις
104 1213 146 1240 una
159 1197 194 1238 fiat
204 1194 363 1247 συυειιισκόιιοις,
377 1197 522 1253 eo'e'pz'scopz's;
539 1196 602 1238 oratio
614 1197 665 1237 serie
676 1212 712 1239 sua
723 1197 765 1251 pri-

50 1281 107 1315 vatur
124 1280 144 1314 et
157 1271 288 1328 perturbatur
305 1278 375 1312 eontra
394 1270 493 1326 loquendi
513 1285 584 1321 usum,
606 1274 616 1311 1
637 1270 687 1314 Cor.
702 1271 723 1312 I:
744 1274 765 1312 2Δ

51 1350 63 1388 2
80 1347 130 1390 Cor.
144 1347 164 1388 I:
181 1348 200 1388 1.
216 1344 362 1400 reperiundum
378 1343 416 1402 (2).
433 1333 491 1386 >Iarn
506 1345 574 1394 alteri,
593 1346 629 1401 qui
643 1346 668 1387 ah
682 1353 765 1387 auctore

50 1422 171 1470 salutantur,
184 1419 276 1461 homines
292 1420 386 1469 fuerumt,
402 1433 452 1474 quos
466 1419 558 1473 Apostoli
571 1418 609 1459 sihi
617 1418 765 1476 adregundam

50 1503 177 1541 secutorum,
190 1509 273 1537 cuursrr
287 1493 451 1544 multitudinem,
468 1508 516 1536 clun
530 1493 709 1551 Hierosolymis,¹
720 1502 766 1535 tum

51 1570 98 1611 alibi
110 1569 240 1611 adsciverant.
271 1567 358 1610 Eosdem
373 1576 452 1619 autem,
468 1568 504 1625 qui
518 1568 634 1610 dicerentur
652 1570 754 1612 ’ἐπίσκοποι
759 1601 766 1620 ,

51 1659 125 1686 nomen
146 1658 228 1700 quoque
250 1645 331 1700 gessisse
351 1643 501 1701 πρεσβυτέρων,
523 1644 621 1699 expressis
638 1645 679 1686 iam
700 1645 766 1686 uerbis

51 1727 174 1760 monuerunt
194 1717 436 1774 uunononmusaliique
454 1719 547 1769 Veterem
571 1719 604 1761 cui
621 1719 729 1771 monitioni
742 1720 767 1760 fi-

50 1793 97 1835 dem
110 1793 158 1835 lacit
173 1793 235 1844 illud,
249 1793 305 1850 quod
316 1808 392 1835 usunus
406 1808 515 1836 nruornuo
529 1794 608 1850 scripsit
624 1797 634 1834 1
652 1793 674 1836 T
672 1797 709 1835 z'm.
724 1795 765 1848 Ill:

51 1870 63 1908 2
79 1882 122 1923 sqq.
137 1867 183 1918 ubi,
196 1869 218 1909 in
232 1868 350 1916 recensione
366 1868 469 1918 omnium,
484 1869 618 1925 quibuscum
630 1868 765 1911 rerumChri-

51 1942 160 1984 stianarum
174 1942 267 1997 imposita
280 1950 332 1992 erat,
347 1948 388 1993 τοῖς
400 1940 536 2001 πρεσβυτέροις
550 1944 629 1985 silentio
641 1943 718 1995 missis,
729 1945 767 1986 soti

50 2024 188 2057 memorantur
204 2016 305 2059 ἐπίσκοποι
320 2014 358 2073 (3).
388 2017 495 2059 Accedunt
508 2019 549 2061 loci
561 2020 613 2061 Novi
631 2014 765 2068 Testamenti,

73 2142 97 2187 [1)
112 2146 197 2187 Philippis
210 2145 279 2187 inquam.
302 2145 347 2177 stand
363 2145 410 2177 dubie
422 2148 462 2178 eninr
475 2148 560 2178 orationem
572 2149 593 2179 sie
605 2147 698 2188 restringere
707 2144 765 2187 jubent

51 2205 158 2246 praecedentia
169 2213 207 2244 τοῖς
220 2198 268 2240 οὖσιν
280 2207 299 2239 ἓν
311 2208 415 2246 matteum:
425 2215 443 2240 ut
450 2208 556 2251 neququuam
564 2208 658 2240 contendant
665 2214 765 2245 nruuonnus,

52 2266 107 2307 Epist.
120 2279 133 2299 s.
145 2271 201 2311 Apost.
214 2275 231 2301 et
242 2272 291 2311 Apso.
302 2281 315 2301 ο.
327 2272 388 2302 Ιοοιιιι.
401 2277 433 2302 etc:
443 2268 472 2300 Ed.
484 2277 556 2311 counito,
569 2269 637 2313 aliique,
649 2269 725 2300 variarum
737 2278 766 2298 ur-
802 2295 805 2298 .

52 2325 94 2358 bium
106 2329 187 2373 Episeopos
198 2332 224 2362 hic
236 2331 346 2374 comprehendi
357 2343 421 2363 numero
432 2330 496 2374 plurali.

75 2386 100 2432 (2)
111 2390 135 2421 Cf.
146 2399 236 2434 nutritus,
246 2394 317 2425 vertras.
331 2404 347 2424 ο.
360 2394 379 2425 de
391 2394 428 2435 polz.
442 2393 487 2423 rtett
501 2390 573 2434 Selrrift.
587 2392 624 2422 door
637 2390 689 2432 ecniq.
704 2400 735 2420 von
748 2389 766 2420 tle

53 2459 106 2482 noorn.
119 2452 164 2494 Eng.
179 2454 248 2496 Godgct.
259 2452 305 2485 adh.
318 2453 330 2484 l.
342 2460 358 2484 et
370 2455 435 2486 Olsers.
449 2454 549 2485 Phil-crte.
563 2463 579 2494 p.
594 2452 634 2483 275.

75 2511 101 2555 (3)
119 2511 176 2544 Itidem
191 2516 240 2547 missis
254 2516 356 2554 ἐπισκόποις
367 2516 407 2547 solos
419 2517 556 2561 πρεσβυτέρους
568 2519 653 2545 memorant
665 2519 712 2545 testes
723 2516 767 2545 aisti«

52 2574 132 2615 quissimi,
149 2582 214 2606 curuans
232 2580 316 2610 Romanus
335 2585 351 2611 et
367 2587 461 2610 introimus
475 2578 487 2609 1.
502 2590 515 2610 e.
528 2578 571 2609 ron.
582 2573 597 2607 Ι.
608 2587 625 2618 p.
637 2576 677 2610 177.
689 2575 732 2606 Τουι.
745 2575 767 2609 Π,

53 2643 68 2675 p.
82 2635 119 2667 186.
143 2636 229 2670 Notandum
242 2651 304 2683 qnoque
317 2647 348 2686 est,
364 2641 466 2684 interpretem
481 2637 580 2681 sortiretur
592 2637 609 2668 in
620 2636 717 2668 Ιοοοοοοοοι
729 2636 767 2669 ἔπι-

643 2702 655 2739 3
