1650 2790
89 97 116 136 38
310 106 354 132 car,
369 92 385 131 I.
401 104 457 131 vrrs.
472 93 496 139 3,
514 88 538 139 4,
556 93 575 131 5.

89 215 170 261 πάντων
183 217 242 271 ὑμῶν
257 230 305 258 eum
318 215 409 269 utrisque
424 214 484 256 etiam
500 212 612 255 cohaerere.
643 213 710 267 Atque
724 211 755 251 uti
769 209 802 250 hic

89 308 152 334 nexus
166 290 248 333 aliunde
262 296 354 345 apparet,
372 290 400 330 ita
415 303 462 329 eum
478 289 516 329 sihi
531 288 574 342 ipsa
586 286 672 341 postulat
686 286 754 328 oratio.
768 285 803 326 Ni-

89 369 166 409 mirum
177 366 308 408 rehementer
320 365 395 422 frigent
407 364 468 405 veiha
480 362 563 407 πάντοτε
577 365 598 406 ἐν
610 356 667 422 ardep
681 361 745 419 δεήσει
756 378 802 416 μου,

89 445 106 484 si
123 458 146 483 ca
162 442 304 499 subiungimus
323 438 489 496 praecedentibus
508 441 542 481 ἐπὶ
555 437 611 498 πάσῃ
624 444 651 499 τῇ
664 440 721 499 μνείᾳ
733 439 804 493 ύμῶν;

89 518 191 559 Partieuta
203 533 250 559 sero
264 515 359 568 πάντοτε,
375 516 391 557 si
403 515 445 557 sola
453 515 502 556 illuc
515 514 610 565 refertur,
621 516 689 571 inepte
699 513 805 557 redundat.

89 593 167 634 Deinde
183 593 266 634 vocibus
286 597 378 643 anteon,
393 596 460 650 πάσῃ,
475 587 557 633 πάντων
571 605 594 631 ea
609 597 637 650 est
652 599 672 632 et
686 591 767 648 originis
786 597 806 631 et

90 668 178 710 notionis
191 668 286 717 affinitas,
302 675 325 708 ut
336 683 378 709 uno
390 675 459 708 tenore
474 665 572 722 legendae
586 665 634 706 siut:
655 666 712 721 atqui
722 665 762 707 hoc
774 665 806 706 in-

92 743 199 786 commode
217 743 250 792 fit,
268 743 306 783 nisi
323 742 390 784 media
403 742 454 798 onie
468 739 550 784 πάντων
563 740 621 794 ὑμῶν
635 755 683 782 cum
699 741 805 796 postremis

90 818 142 871 μετιῖ
154 821 220 875 χαρᾶς
231 817 267 873 τήν
282 817 349 874 δέησιν
362 814 478 869 ποιούμενος
490 815 616 871 copulantur.
636 815 689 856 Tum
702 815 806 857 Articulus

90 891 127 948 τήν
142 893 261 935 decusatim
274 892 342 949 δέησιν
350 891 475 947 praepositus
486 891 563 947 arguit,
573 889 613 932 hoc
624 892 707 933 nomine
717 890 807 948 generali

90 968 143 1009 illud
156 970 178 1011 ἐν
196 966 252 1026 πάσῃ
269 966 333 1023 δεήσει
345 956 386 1021 prou
402 968 429 1009 itu
445 965 535 1016 definiri,
554 973 577 1006 ut
594 966 682 1008 alterum
700 966 726 1008 ab
743 967 806 1007 attero

92 1045 180 1098 separari
195 1050 288 1098 nequeat.
304 1042 382 1086 Verum
390 1042 487 1084 haetenus
500 1048 568 1082 tamen
577 1041 602 1083 ah
609 1040 706 1083 Editionis
714 1049 807 1097 receptae

91 1118 220 1160 distinctione
241 1117 374 1168 discedimus,
394 1124 417 1158 ut
439 1124 458 1158 et
481 1115 625 1158 Pareutheseos
646 1125 712 1168 notas,
734 1116 808 1173 quihus

92 1209 119 1235 rs.
142 1196 155 1235 4
174 1194 264 1235 inclusus
279 1201 319 1244 est,
334 1193 428 1235 tollamus
445 1200 464 1233 et
478 1207 558 1235 comma
572 1193 679 1249 Partioipio
692 1191 809 1247 ποιούμενος

93 1269 214 1311 subiectum.
245 1270 291 1322 Quo
305 1284 352 1310 sane
367 1283 449 1309 000000
460 1276 479 1310 61
492 1269 517 1310 al]
530 1268 564 1309 iiia
579 1266 688 1309 verborum
700 1268 809 1309 liberemus

93 1344 245 1395 interiectione,
262 1358 313 1400 quae
332 1358 370 1385 nec
389 1343 481 1398 rapidae,
496 1358 535 1385 066
549 1343 643 1398 populari
662 1343 704 1384 eius
723 1343 808 1384 orationi

94 1433 208 1476 congruere
221 1419 307 1469 ridetur,
319 1427 338 1460 et
349 1434 396 1460 sero
408 1433 512 1468 caremus,
526 1433 552 1459 ne
562 1419 685 1473 Praepositio
698 1418 732 1461 ἒπί
743 1404 809 1459 eidem

93 1495 155 1536 verbo
171 1494 284 1552 εὐχαριστῶ
301 1494 332 1535 his
352 1494 478 1544 sutoiiciatur,
499 1494 558 1534 etita
570 1492 664 1548 quidem,
677 1500 700 1534 ut
712 1493 775 1534 altero
788 1494 809 1534 in

93 1571 139 1612 1060
158 1571 218 1612 aliam
238 1584 300 1625 quam
316 1570 338 1610 in
355 1570 417 1610 altero
431 1569 534 1609 notionem
547 1568 619 1610 lrabeat
633 1567 671 1626 (1)
701 1569 810 1624 Sequimur

93 1646 157 1701 igitur
176 1659 283 1686 canvrrurr
303 1642 345 1701 (2),
365 1658 471 1693 enorrurr,
491 1658 612 1694 00000000,
633 1659 739 1695 ratmunt,
760 1645 809 1699 qui,

95 1720 148 1761 duee
167 1734 329 1769 uunrsosronro,
349 1733 430 1759 versum
452 1722 464 1760 5
486 1718 610 1774 pendentem
625 1719 702 1761 faciunt
722 1734 733 1760 a
749 1734 811 1774 prae-

96 1794 181 1836 cedente
198 1809 247 1836 roce
266 1798 336 1851 χαρᾶς,
362 1793 422 1846 Quod
443 1794 486 1835 aliis
506 1808 588 1851 quoque
610 1795 659 1836 locis
679 1794 812 1837 commenda-

95 1878 141 1921 tur,
165 1885 213 1913 oum
231 1870 337 1926 Apostolus
356 1870 418 1910 semel
437 1877 516 1910 tantum
535 1870 557 1911 in
574 1869 691 1912 huiusmodi
710 1870 811 1920 dictione,

95 1960 170 2000 nempe
187 1949 197 1986 1
221 1945 270 1989 Cor.
289 1946 311 1985 I:
332 1948 357 1995 4,
378 1945 549 2000 Praepositionem
567 1945 602 1988 ἐπί
619 1946 681 1986 verbo
701 1945 812 2003 εὐχαριστῶ

96 2021 217 2078 subiungat3
238 2021 360 2076 plerumque
379 2035 437 2071 rero,
458 2020 488 2061 uti
509 2020 624 2064 00104.
640 2024 650 2061 1
667 2019 741 2062 Thess.
755 2021 776 2061 I:
791 2024 811 2063 3.

96 2097 158 2139 Plril.
183 2099 206 2146 4,
226 2095 266 2137 hoc
285 2095 346 2136 rerho
366 2095 484 2150 simpliciter
501 2111 560 2146 usus,
579 2094 668 2152 oratione
688 2102 775 2137 transeat
787 2095 813 2137 ad

97 2185 191 2221 cansam,
211 2185 248 2212 cur
266 2185 303 2226 pro
322 2170 451 2211 sectatoribus
470 2185 552 2212 cunrsrr
572 2169 644 2226 gratias
663 2177 719 2226 agat,
733 2185 813 2212 merno-

98 2246 188 2289 randum

127 2323 198 2373 Nunc,
215 2329 239 2362 ut
256 2321 334 2378 singula
350 2321 519 2377 interpretemur,
532 2320 622 2375 primum
635 2320 757 2377 attingamus
770 2336 814 2363 ver-

99 2400 149 2439 hum
165 2398 288 2455 εὐχαριστῶ,
302 2411 342 2453 quo
355 2412 430 2439 rannus
444 2396 553 2438 enunciare
566 2394 638 2450 incipit
651 2395 713 2437 animi
725 2396 814 2439 affectio-

124 2585 148 2629 11)
166 2588 240 2618 Etsreuus
252 2586 315 2630 quidem
327 2595 393 2631 utroque
406 2590 423 2620 iu
435 2588 468 2620 loco
479 2588 610 2631 Praepositiouem
623 2588 653 2620 ἐπὶ
665 2589 777 2632 interpretatur
788 2589 813 2621 de.

101 2647 130 2679 Sed
142 2648 181 2690 quid
192 2648 253 2679 tandem
265 2648 294 2680 hoo
306 2656 339 2681 est:
351 2653 418 2692 gratius
429 2661 460 2693 ogo
474 2650 493 2681 do
504 2661 531 2693 eo,
545 2651 588 2692 quod
600 2653 652 2682 vostri
664 2649 752 2685 recordor?

125 2709 149 2753 (2)
161 2711 179 2742 Iu
193 2711 252 2745 Comen.
265 2710 283 2742 ad
295 2710 312 2743 h.
324 2711 335 2741 1.
