1650 2790
239 34 283 65 cnr.
298 23 334 65 [H.
351 26 455 73 vorsla,
472 28 505 67 16.
689 29 733 68 249

23 147 122 197 dandum,
138 146 166 187 sie
179 145 204 187 ad
219 154 309 187 mentem
323 146 409 189 auctoris
418 145 575 202 intelligendam
591 146 668 202 requiri
682 154 731 201 puto

22 224 115 266 Latinum
131 221 199 263 aliter
220 222 252 263 vel
272 221 318 263 alio
337 220 409 263 modo:
429 237 481 278 quae
501 221 556 264 notio
575 221 629 264 vocis
643 222 732 279 vulgaris

23 307 61 348 est,
77 299 98 339 in
112 298 161 340 iocis
176 298 237 339 etiam
252 312 342 347 wsmari,
362 313 374 340 a
388 312 569 339 enmscnnnmnno
585 296 681 348 laudatis,
700 311 732 338 re-

22 372 120 429 periunda
141 370 178 430 (1).
209 372 300 416 Verbum
321 370 446 428 ἀποκαλύψει
467 372 522 428 quod
537 372 618 423 attinet,
633 372 732 415 sententia

21 450 59 490 fert
76 462 139 504 prope
160 448 284 499 communis,
304 463 328 490 eo
344 448 428 505 quidem
440 448 610 505 patefactionem
626 447 732 489 Divinam

23 522 118 579 proponi,
139 522 174 564 sed
192 523 252 565 modo
274 522 387 573 ordinario,
408 523 429 564 id
445 529 474 564 est
488 521 618 579 institutionis
631 521 732 566 humanae

22 599 53 639 vel
73 598 208 654 experientiae
227 613 265 653 ope
288 604 398 653 acceptam.
434 597 498 638 Huius
525 604 593 639 autem
614 599 732 652 patefactio-

21 674 51 714 nis
66 688 124 731 spem
136 680 217 717 certem
231 688 308 714 rannus
323 672 438 714 enunciavit
451 672 537 723 Futuro,
552 671 607 728 quod
621 680 677 714 recte
689 688 732 714 rnc-
774 716 776 718 ,

22 756 56 789 net
74 764 209 790 nummasius
230 763 278 791 eum
297 762 377 790 nmero
393 747 477 804 aliisque
498 747 621 789 sumendum
632 752 677 789 ‘non
691 763 732 789 esse

21 837 58 878 pro
78 822 178 878 Optativo.
214 823 279 864 Multo
299 823 368 879 plures
391 837 439 865 vero
457 823 592 880 neglexerunt
610 823 732 864 Particulam

21 896 65 949 καί,
86 904 133 938 ante
157 898 272 939 Pronomen
298 901 356 942 τοῦτο
378 898 474 953 positam,
499 912 562 959 quae,
589 897 666 940 etiamsi
686 912 733 940 cum

23 986 141 1014 enuntiante
159 972 277 1028 explicanda
296 988 337 1015 non
356 973 381 1015 sit
394 973 422 1023 oie
436 972 463 1016 ed
477 969 530 1016 ἄλλα
543 970 621 1025 πάντα,
635 987 692 1014 more
703 980 732 1015 ta-

21 1061 69 1088 men
83 1062 118 1088 suo
133 1048 268 1089 accessionem
283 1046 372 1090 denotat.
401 1048 473 1104 Itaque
489 1047 535 1089 satis
553 1049 680 1104 exploratum
692 1056 732 1098 est,

23 1121 85 1163 verba
98 1122 176 1164 Graeca
188 1120 248 1163 huius
260 1123 349 1164 membri
361 1122 483 1178 respondere
496 1123 581 1165 Latinis:
597 1123 631 1164 Et
644 1125 666 1164 si
679 1124 734 1181 quaid

22 1197 125 1254 eepctz‘ta's
140 1197 218 1250 aliter,
232 1197 291 1238 illud
302 1201 380 1251 etiam,
389 1198 463 1254 foczet
475 1197 547 1252 Deus,
561 1204 585 1238 nt
599 1199 658 1240 vobis
670 1200 732 1240 irtaco·
778 1188 782 1194 ¹

22 1276 96 1313 tescot.
126 1272 181 1314 Haec
201 1286 249 1313 vero
271 1280 326 1315 tanta
344 1273 436 1315 laborant
457 1272 602 1329 ambiguitate,
628 1281 651 1314 nt
674 1273 733 1316 facile

22 1345 111 1387 alienum
126 1346 148 1387 in
162 1362 242 1389 sensnm
254 1355 393 1404 torqueantur.
424 1347 484 1401 Quod
499 1348 601 1404 quomodo
619 1348 733 1390 cavendum

23 1420 58 1471 sit,
77 1436 133 1464 nunc
152 1422 257 1465 ostendere
273 1423 366 1466 conabor.
397 1423 436 1466 Sed
448 1424 473 1466 de
486 1424 563 1466 Protesi
576 1431 596 1466 et
606 1423 694 1479 Apodosi
707 1424 733 1465 si-

24 1495 108 1550 gillatim
122 1496 212 1539 dicamus
226 1505 310 1553 oportet.

52 1569 107 1612 Nihil
126 1572 191 1629 magis
211 1572 274 1629 igitur
297 1588 384 1615 araon
406 1581 475 1616 mente
493 1581 595 1615 remotum
614 1581 653 1624 est,
671 1588 733 1630 qnam

24 1645 79 1700 quod
92 1645 118 1687 ad
130 1646 222 1688 Protesin
235 1647 374 1703 explicandam
390 1649 469 1704 scripsit
482 1664 555 1691 nnasn.
568 1663 687 1691 scaminus:
710 1646 735 1690 Si

24 1719 142 1771 interdum,
158 1735 185 1761 esc
200 1722 347 1767 imbecillitate
364 1725 485 1766 intellectus
500 1725 598 1775 hamoni,
615 1725 683 1765 aliter
701 1724 735 1764 cel

24 1793 91 1834 aliter
112 1793 138 1835 de
158 1796 286 1851 quibasdam
304 1798 358 1839 locis
379 1796 510 1856 Scrmtnroe
531 1800 640 1840 sentietis.
671 1800 735 1840 Recte

24 1881 191 1911 cnarscsronos:
214 1870 239 1913 ου’
259 1872 303 1928 napi
317 1871 422 1927 δογμάτων
443 1876 507 1916 ταῦτα
522 1872 606 1930 εἴρηται,
623 1872 676 1915 atta
692 1873 736 1929 napi

24 1943 68 1997 βίου
87 1942 211 2004 τελειότητος.
245 1934 310 1988 Pdinus
326 1954 382 1989 recte
396 1962 444 1989 vero
463 1947 494 1989 his
509 1948 591 1990 adiecit:
609 1949 692 1992 καὶτοῦ
706 1946 737 2004 μή

24 2019 108 2073 νομίζειν
127 2019 211 2071 {cncede
232 2022 315 2072 τελείους
337 2020 393 2065 εἶναι.
425 2022 465 2065 Sed
483 2023 531 2065 alios
553 2037 636 2080 quoque
656 2022 679 2064 in
702 2038 736 2064 er-

25 2108 91 2136 rorem
108 2094 187 2138 induxit
205 2095 275 2138 eadem
294 2084 388 2152 perversa
405 2096 545 2153 interpretatio
563 2098 627 2143 Verbi
646 2104 735 2157 peecata,

25 2183 86 2225 quarn
101 2186 161 2227 supra
175 2170 347 2227 reprehendimus.
377 2171 402 2213 Et
416 2170 471 2214 haud
483 2174 555 2228 pauci,
570 2188 694 2231 quamquam
704 2174 736 2214 in-

25 2250 55 2284 ter
69 2245 196 2288 Adiectivum
215 2247 280 2305 ἕτερον
301 2254 320 2289 et
336 2245 461 2289 Adverbium
474 2247 545 2305 ἑτέρως
563 2250 659 2292 interesse
672 2263 735 2290 nove-

26 2327 80 2371 rant,
99 2321 251 2380 interpretando
263 2330 331 2366 tamen
343 2322 383 2365 hoo
397 2337 445 2364 oum
458 2323 493 2364 ilio
508 2337 578 2380 reapse
593 2323 734 2367 confuderunt.

25 2393 72 2436 tfihi
92 2396 175 2452 quidem
193 2398 299 2455 Apostolus
316 2398 426 2447 hocloco,
447 2404 469 2438 ut
487 2412 508 2438 se
526 2413 537 2439 a
557 2398 736 2456 Philippensibus
770 2391 773 2398 ¹

27 2505 38 2509 --
42 2506 199 2516 *κη--

48 2565 71 2610 si}
83 2569 140 2611 Aratiq.
152 2569 186 2603 Lib.
198 2572 219 2604 ΙΙ,
233 2584 266 2616 cap.
280 2573 306 2604 tt.
319 2571 349 2615 §5
361 2577 376 2602 et
387 2569 421 2602 Lib.
430 2571 460 2602 111.
475 2573 544 2615 oap.1a.
556 2571 565 2614 p
577 2573 597 2614 3,
610 2571 637 2605 ubi
648 2583 737 2607 nlonrsnns

26 2628 104 2671 ἔγνωμεν
117 2630 179 2676 ἑτέρως
192 2632 241 2665 edidit
253 2646 280 2678 pro
294 2634 337 2679 ’ἔγνω
353 2632 384 2677 pir
397 2633 465 2677 ἑτέρως.
