1650 2790
41 66 68 106 56
284 79 328 106 car.
343 64 359 106 1.
376 78 432 106 vans.
450 65 474 114 7,
491 68 510 106 8.

41 186 156 243 ltppeuseu
165 199 245 240 nempe,
257 184 285 226 rei
297 184 431 237 Christianae,
442 200 490 228 cum
499 187 540 227 cius
551 184 667 227 defensione
675 194 695 227 et
703 200 754 228 con-

40 261 160 311 firmatione,
168 268 213 302 turn
221 261 279 303 malis
292 275 330 315 pro
341 277 364 303 ea
377 261 495 312 tolerandis,
507 260 607 303 adiutores
615 276 663 304 csse.
682 260 753 314 Quod,

40 336 125 391 repetito
139 335 207 377 denno
216 335 319 377 Adiectiao
333 334 421 387 πάντας,
435 336 528 378 omnibns
541 336 643 386 tribuens,
656 335 691 377 hic
701 350 755 391 quo-

41 426 81 467 que
94 426 136 452 non
156 411 221 453 solun]
235 410 280 453 illos
293 410 421 467 significasse·
433 410 521 462 videtur,
537 412 572 467 qui
588 426 620 462 se,
634 410 687 452 dono
705 411 755 452 mit-

40 486 112 536 tendo,
134 487 199 528 oneris
218 493 297 541 purten]
317 485 415 526 sustinere
434 485 572 538 ostenderant,
592 486 626 529 scd
644 486 704 528 etiam
719 487 754 542 qui

40 561 166 603 liberalitatis
180 576 227 603 suae
241 561 320 616 copiam
332 575 374 602 non
388 561 484 603 fecerant.
515 562 558 603 Nec
570 569 639 603 tamen
651 560 690 603 hac
705 575 754 603 voce

40 636 130 693 singulos
144 636 243 686 laudarit,
258 635 305 686 sed,
321 636 351 677 uti
362 636 434 678 ceteris
447 637 469 678 in
483 636 543 685 locis,
557 636 666 687 universos,
680 635 754 685 idest,

39 711 199 753 inuititudz'nem
208 717 331 752 sectatorum
339 725 430 762 cnnrsru,
439 712 502 753 retello
509 725 580 752 eorum
588 715 755 768 exceptoporte.

38 789 97 829 Hanc
116 787 180 844 igitur
194 787 216 828 in
230 793 300 829 mente
313 786 390 828 haioens
403 788 492 843 scripsit:
509 789 611 845 precarium
628 788 756 828 carissimos

40 878 78 905 vos
95 862 172 916 studeo,
189 864 269 921 qnippe
285 863 324 921 qui
339 876 419 912 omnes,
441 867 461 904 et
476 864 500 903 iu
517 864 643 920 cuptzuitote
659 876 717 911 mea,
736 867 757 903 et

42 937 163 996 siquando
180 951 225 977 rem
243 936 391 978 Cleonaeum
413 936 504 993 defendo
522 942 543 978 et
557 937 684 987 corroboro,
701 951 756 978 eom-

42 1028 125 1055 mnoem
141 1026 220 1053 urceum
242 1011 292 1052 ltuz'e
312 1013 355 1062 rei,
378 1012 440 1053 orans
451 1012 534 1068 favore
550 1002 756 1069 drezito'portz'ozpws

36 1089 99 1146 fecti
113 1102 196 1137 strutus,
211 1101 298 1144 operum
308 1087 442 1146 praestatis.
467 1086 511 1128 Ian]
525 1101 588 1143 quare
600 1102 660 1143 supra
672 1089 702 1129 sui
715 1103 756 1130 esse

43 1163 155 1220 scripserit,
176 1169 200 1203 ut
216 1161 333 1203 huiusmodi
349 1161 466 1203 horninibus
482 1162 628 1217 perfectionem
640 1170 756 1219 appeteret,

43 1253 111 1288 nune,
127 1238 157 1279 nti
170 1252 238 1294 spero,
252 1237 369 1292 intelligent
382 1251 457 1278 omnes.

358 1387 412 1414 vans.
425 1377 446 1415 ὃ,

72 1466 158 1508 Cumulo
177 1473 239 1522 auget
258 1477 334 1505 rannus
354 1463 409 1519 quod
428 1456 477 1504 dixit
497 1462 522 1504 de
541 1463 676 1519 propensione
689 1478 723 1505 suu
736 1465 757 1505 in

43 1538 211 1597 Philippenses,
233 1538 345 1580 orationem
365 1537 451 1594 graviter
467 1551 600 1594 persequens:
616 1538 704 1595 Μάρτυς
720 1539 758 1598 γάρ
819 1540 820 1544 ’

43 1631 84 1669 μου
97 1616 151 1657 ἐστὶν
166 1615 178 1656 ὁ
190 1612 246 1665 (dade.
274 1612 384 1656 Nonnullis
393 1613 415 1654 in
427 1612 484 1654 libris
496 1613 582 1666 verbum
595 1614 649 1657 ἐστίν
663 1615 758 1656 omissum

45 1704 87 1731 esse
104 1689 184 1731 ridetur
197 1687 298 1730 scribendi
310 1689 442 1730 festinatione.
473 1687 549 1730 Eodem
566 1696 634 1731 autern
646 1689 699 1731 redit
711 1704 758 1731 sen-

44 1779 88 1815 sus,
108 1764 149 1806 sire
168 1763 272 1806 Genitirus
290 1781 331 1818 μου
350 1762 460 1813 retinetur,
480 1771 618 1807 seumutatur
629 1763 652 1805 in
664 1765 758 1806 Batinum

43 1855 88 1892 μοιε
103 1837 157 1895 quod
174 1845 242 1879 tamen
256 1852 292 1880 cur
305 1837 340 1879 hie
353 1837 397 1889 fiat,
412 1852 472 1879 causo
484 1852 526 1879 uon
539 1845 568 1879 est
580 1838 626 1880 satis
638 1838 758 1893 probabilis,

42 1914 108 1956 multo
128 1913 196 1955 minus
214 1928 262 1955 vero
279 1912 342 1955 Boot.
356 1913 378 1955 I:
393 1916 413 1956 9.
443 1913 486 1955 Nee
506 1913 593 1955 dubitari
605 1921 681 1970 potest,
696 1914 758 1970 quin‚

44 1989 127 2030 vocibus
153 1988 248 2030 omnibus
267 1988 349 2029 notione
369 2003 404 2030 sua
422 1987 506 2038 relicta,
528 1988 704 2043 interpretandum
723 1989 759 2030 sit:

46 2062 119 2107 Testis
132 2065 189 2105 enim
204 2078 263 2104 mens
282 2069 316 2104 est
332 2063 398 2105 Beue.
428 2064 491 2116 Nam,
508 2071 532 2104 ut
549 2064 624 2105 frustra
636 2072 759 2119 quaerentur

43 2140 84 2181 loci
96 2139 122 2181 ad
134 2139 273 2196 probandum,
287 2139 343 2195 quod
355 2153 500 2181 anruareasins
511 2146 581 2180 monet
592 2146 612 2179 et
623 2154 760 2181 antirrnsnon

44 2215 127 2256 omnino
148 2222 219 2271 negat,
239 2228 310 2257 rocem
329 2213 366 2272 γάρ
381 2214 504 2256 Particulom
517 2228 558 2255 esse
571 2214 700 2264 transeundi,
715 2215 759 2265 vel,

42 2290 98 2346 quod
115 2290 160 2331 ‘vult
176 2303 261 2341 nanim,
277 2305 321 2332 eam
334 2288 459 2338 reddendam
472 2303 515 2330 esse
527 2295 612 2339 oeteo·
627 2289 655 2332 ita
668 2290 760 2333 consulto

43 2373 113 2406 auctor
131 2380 154 2406 ea
171 2364 236 2406 utitur
254 2364 341 2408 caritatis
359 2364 413 2407 illius
428 2363 588 2420 corfirmuudee
606 2351 677 2415 causa,
698 2380 760 2422 quam

43 2454 102 2487 rcrsu
115 2442 127 2481 7
143 2447 226 2482 testatus
241 2449 277 2484 est.

73 2513 147 2556 Adiicit
164 2515 229 2572 igitur
249 2516 276 2566 τός
294 2518 388 2558 ἐπιποθῶ
408 2511 484 2565 πάντας
504 2514 570 2569 ὑμᾶς,
591 2514 644 2571 quod
667 2515 761 2573 plerique

43 2590 212 2646 interpretantur:
233 2605 290 2649 quau
307 2605 371 2649 opere
389 2604 425 2632 eos
442 2603 513 2636 omues
526 2604 601 2632 ornem.
631 2591 694 2633 Recte
707 2592 761 2647 quod

42 2663 113 2707 attinet
133 2665 255 2709 Particularn
276 2666 313 2718 og,
334 2682 345 2707 a
364 2666 421 2708 cuins
435 2680 482 2707 sera
495 2666 578 2709 notione
591 2680 761 2710 aosrununnnnus
