1650 2790
257 39 300 68 cur.
317 26 352 68 llll
370 41 425 69 vens.
444 29 476 68 te,
512 43 515 45 ·
683 29 724 70 239

13 167 57 196 cem
69 151 172 206 βραβεῖον,
186 155 205 189 et
220 163 267 190 eum
281 163 305 190 eo
318 156 415 205 putarunt
423 151 516 207 plerique
523 150 654 212 interpretes.
671 150 726 191 Nou-

12 226 63 270 nulli
77 231 156 274 tumen‚
166 230 189 264 ut
202 239 291 266 rutrrus
304 231 324 265 et
335 239 494 277 enutrivimus,
504 226 601 281 ancipites
609 225 726 275 haeserunt,

12 310 80 344 utrum
91 297 131 341 hoc
144 299 278 355 repetendum
292 308 353 351 esset,
368 315 394 342 un
402 300 537 352 ἐξανάστασις.
563 302 665 358 lltrosque
673 314 727 342 uur-

11 391 101 419 rruusrus
115 375 209 417 refutarit
224 375 338 425 monendo,
355 376 496 432 repetitionem
508 376 570 417 talem
577 376 668 431 ineptum
677 390 726 426 esse,
780 414 782 422 ,

11 466 58 494 oum
79 465 110 491 res
129 450 172 505 ipsa
192 450 298 506 loquetur,
318 451 439 507 Apostolum
457 449 509 491 haee
523 449 616 491 nondum
631 451 727 508 attigisse⁴

11 526 50 568 Sed
65 524 137 567 eodem
151 533 272 582 argumento
286 527 370 569 refutari
383 533 449 582 potest
463 525 561 568 sententia
579 526 604 567 ab
617 541 640 567 eo
653 541 728 583 propo-

11 602 56 651 sita,
70 601 191 657 Apostolum
202 608 299 656 spectasse
308 600 402 644 Verbum
409 599 533 655 praecedens
540 603 644 659 κιιταντᾷν,
657 600 727 643 Omnis

11 691 66 718 error
80 683 159 718 exortus
175 683 204 718 est
217 691 241 717 er
253 690 347 731 perversa
360 675 527 732 interpretatione
540 674 728 728 Particulues'r'uur,

10 767 63 808 quae
85 752 101 794 si
120 752 273 794 dubitationem
293 750 404 807 significat,
418 751 464 793 sotis
477 751 604 806 exploratum
618 758 657 802 est,
673 749 729 792 haud

11 842 66 868 secus
85 826 163 868 auctori
182 825 269 868 elicitum
288 833 380 868 mentem
392 827 501 883 effingere,
522 827 558 882 qui
571 833 606 867 out
619 828 728 885 ααταντᾷιι,

11 909 45 944 aut
61 899 191 951 ἐξανάστασιν
205 907 308 956 repetent,
322 916 384 957 quam
399 901 436 957 qui
449 900 505 942 lrunc
521 900 544 942 in
560 900 631 941 locum
650 899 729 955 impor-

11 983 54 1017 tent
69 979 161 1033 βραβεῖον
181 990 209 1017 rs
231 978 257 1018 14
274 975 357 1018 demum
377 991 501 1031 expressum.
532 975 598 1018 Sicuti
610 983 679 1018 nutem
691 975 729 1016 lu-

12 1058 118 1106 terpmtes,
136 1050 172 1106 qui
186 1050 240 1093 hunc
254 1066 324 1093 vocem
335 1052 421 1094 orationi
435 1051 523 1102 addunt,
537 1051 623 1107 Ellipsin
638 1051 727 1108 fingunt,

12 1127 60 1169 alibi
81 1140 123 1167 non
147 1126 302 1181 reperiundam,
325 1127 353 1168 sie
379 1143 429 1169 unns
451 1127 527 1183 aliique
550 1141 624 1170 norem
646 1140 729 1183 quoque

11 1201 113 1243 inducunt
132 1208 152 1242 ct
163 1201 231 1245 Verbo
246 1197 318 1257 ἔλαβον
331 1203 399 1244 minus
416 1202 601 1253 accommodatum,
618 1202 636 1243 ei
651 1201 729 1243 adseri-

11 1275 78 1317 ltendo
94 1280 178 1318 melum.
208 1277 251 1318 Nee
265 1292 347 1318 ruuuuur
360 1278 382 1319 in
397 1285 466 1319 mente
481 1277 576 1320 habuisse
592 1275 663 1329 αὐτόν,
674 1277 730 1333 quod

12 1355 114 1392 ruentem
131 1350 209 1406 placet,
230 1351 273 1406 ipse
292 1351 400 1407 perspicue
417 1351 513 1394 indicarit
530 1366 568 1393 usu
583 1352 729 1394 vocabulorum

11 1425 51 1469 oud
64 1429 155 1482 Χριστοῦ
159 1458 166 1478 ‚
180 1440 233 1482 quae
247 1425 274 1467 ud
286 1425 346 1467 huius
361 1441 429 1468 versus
445 1426 507 1468 finem
521 1427 619 1483 leguntur
635 1425 673 1485 (1).
688 1428 730 1469 tte-

12 1501 85 1542 liorem
99 1514 147 1542 sune
164 1500 219 1542 rium
236 1500 321 1556 ingressi
338 1508 511 1552 sustenturus,
528 1517 645 1553 virunnis,
662 1517 730 1544 curru-

13 1590 97 1626 rmnrus,
115 1590 265 1627 sumserimus,
285 1575 384 1618 hacteuus
404 1577 457 1618 inter
480 1592 501 1618 se
524 1578 683 1628 consentientes,
707 1585 730 1619 ut

14 1666 58 1693 rem
72 1650 146 1706 respici
160 1659 277 1702 censerent,
292 1652 338 1693 loco
353 1652 458 1694 remotiori
470 1667 533 1709 quam
543 1668 603 1694 versu
616 1655 641 1694 11
657 1668 731 1709 propo-

14 1727 78 1769 sitam.
108 1726 209 1768 Nimirum
228 1741 289 1782 supra
308 1726 397 1769 declaret
416 1727 534 1783 Apostolus,
552 1743 573 1769 se
586 1728 680 1770 omnibus
697 1743 734 1770 re·

14 1802 120 1844 nunciasse
142 1809 162 1842 et
183 1809 298 1843 constanter
320 1802 450 1853 renunciare,
475 1810 509 1853 ut,
533 1817 641 1844 eunrsrmr
661 1818 732 1846 seeum

15 1872 201 1918 coniunctissimum
216 1875 303 1927 hebens,
316 1876 341 1918 ml
356 1891 457 1918 summam
471 1877 558 1919 hominis
565 1877 673 1921 Christiani
682 1894 732 1935 per—

15 1952 124 1994 lectionem
140 1952 261 2008 perueniret.
292 1953 346 2007 Ergo
361 1950 396 1993 hie
409 1952 449 1994 eit:
474 1952 523 1995 ttou
539 1953 588 1995 olleo
601 1960 684 2006 αιιίοιιι,
699 1970 733 1996 me

16 2028 75 2070 tttud
93 2031 137 2070 ιἀιιι
155 2029 250 2085 cepisse,
269 2025 290 2067 id
311 2033 341 2067 est
358 2026 460 2084 adeptum
481 2042 527 2069 esse
548 2026 586 2087 (2).
617 2029 678 2083 Quod
688 2011 732 2072 ¹non

41 2197 66 2242 (l)
79 2197 131 2229 Editio
142 2197 206 2242 quidem
216 2198 284 2241 Recepta
298 2197 346 2242 hebet
359 2196 395 2230 ὑπὸ
408 2200 440 2230 τοῦ
452 2200 532 2242 Χριστοῦ
542 2198 617 2244 ’iuuerit
633 2202 660 2234 setl
672 2214 700 2245 pro
714 2203 733 2233 iis

18 2248 129 2293 eurusutcurus
141 2260 200 2304 aliique
210 2267 252 2292 reete
264 2259 364 2292 substituisse
373 2259 447 2292 videntur
460 2260 495 2293 ὑπὸ
506 2263 594 2306 Χριστοῦ.
724 2298 728 2302 ,

40 2319 66 2365 (2)
81 2322 129 2353 Recte
142 2325 176 2355 lut.
191 2323 241 2356 Vero.
252 2324 269 2354 in
279 2325 322 2355 Ανιιι.
336 2324 393 2366 liturg.
406 2323 425 2354 cle
437 2324 561 2356 vottuuutttetd
573 2327 602 2357 der
613 2326 734 2369 wedeugeloor-

17 2387 33 2414 te
50 2384 68 2414 ιἰι
80 2383 106 2414 att
120 2385 172 2416 loven.
194 2384 270 2417 Similiter
287 2395 333 2417 cour.
344 2395 356 2416 t
368 2395 406 2426 mm
417 2394 450 2417 esr.
462 2386 492 2416 iam
504 2395 611 2419 uuruosmsr.
622 2387 650 2419 ulii
663 2388 733 2420 Veteres.

18 2444 42 2475 ef.
54 2453 131 2476 reeusrtr
142 2439 257 2479 uuonauveus.
268 2446 316 2491 Spec.
327 2448 340 2478 1.
350 2457 367 2489 p,
380 2447 408 2478 tt.
433 2447 520 2478 Communis
535 2459 577 2479 error
589 2449 660 2481 fraudem
670 2456 686 2481 et
697 2460 735 2482 coe·

19 2514 55 2536 cero
66 2505 113 2549 ferit,
126 2513 145 2538 ut
155 2516 219 2550 urgeret
230 2511 309 2541 notionem
320 2499 423 2552 accipiendi,
436 2515 452 2540 et
466 2518 533 2552 onorio,
545 2515 564 2540 ut
577 2509 646 2552 ἔλαβον
657 2513 734 2555 interpre-

19 2571 89 2599 taretun
107 2571 197 2612 acceperim
216 2582 236 2603 ea
253 2573 357 2615 acceptione,
373 2582 415 2614 quoe
429 2572 448 2603 νἰι
462 2570 540 2614 futurum
552 2575 608 2606 omitti
619 2577 688 2617 nequit,
703 2586 734 2619 quo

21 2626 100 2672 Emphusis
113 2629 162 2663 alienu
174 2630 225 2663 Verbo
238 2632 320 2666 tribuitur.
