1650 2790
278 51 320 78 oar.
337 37 361 79 ll.
379 51 435 79 vensi
454 42 471 88 1,
487 40 505 79 2.
714 40 753 81 125

40 159 218 216 Quemadmodum
237 174 311 215 nempe
323 161 376 202 illud
389 164 500 217 generatim
517 162 542 203 de
556 161 665 219 quibusvis
681 161 755 204 dicitnr

40 236 103 278 animi
121 233 280 292 affectionibus⁷
301 250 388 292 quarum
409 237 477 278 sedem
494 238 582 280 Hebraei
602 239 624 278 in
646 237 755 278 visceribus

42 311 152 367 ponebant3
175 310 203 352 ita
222 309 261 352 lroc
283 312 386 368 sigillatim
399 311 521 369 affectiones
535 313 635 370 significat
651 313 755 354 caritatis

42 401 97 444 ergo
110 387 250 427 calarrritosos
264 388 298 428 oet
309 402 347 445 ope
360 389 490 446 irzdr‘genles.
520 390 575 444 Ergo
588 390 694 445 utriusque
706 402 755 429 con-

40 462 157 511 iunctione,
179 468 258 503 tantum
276 462 342 513 abest,
358 470 381 504 ut
394 478 452 525 mera
465 463 573 504 inducatur
589 464 755 520 Taurologta,1n

40 539 127 579 alterum
143 536 207 578 altero
229 538 368 595 restringatur.
400 538 461 590 Quod
473 537 529 579 hand
543 545 620 579 temere
634 538 697 589 sumi,
713 553 754 579 uon

39 613 105 655 solum
123 620 205 669 apparet
219 628 244 654 ex
260 612 305 656 Col.
323 612 362 653 HI:
380 615 418 661 12,
434 612 470 654 ubi
486 627 523 653 rur
540 611 646 668 σπλάγχνα
660 612 755 654 definitur

38 689 116 731 adiecta
138 691 253 745 οἰκτιρμῶν,
274 688 307 729 rel
325 688 392 743 potius
409 690 523 745 olarrppori5
544 688 653 729 sedetiam
668 702 691 728 cx
707 687 755 730 Iac.
785 696 788 699 '

39 765 69 823 V:
89 767 123 814 11,
140 763 216 819 quoin
229 763 385 820 loculegimns:
401 761 570 819 πολύσπλαγχνός
583 766 636 807 ἐστιν
653 764 665 806 ὁ
682 762 756 821 Κύριος

39 842 72 883 καὶ
87 841 197 896 οἱκτιρμων.
225 839 251 880 Et
261 839 347 880 ‘omnino
363 839 477 894 comparari
489 847 581 881 merctur
594 839 673 881 dictum
688 838 756 880 Prov.

42 915 89 956 llll:
108 916 145 957 10:
161 914 242 965 Δίκαιος
254 915 340 972 οἰκτείρει
351 914 421 970 ψυχάς
434 919 511 972 κτηνῶν
526 915 598 967 αὐτοῦ,
612 914 639 958 w*
654 914 677 957 δὲ
692 911 756 957 uold-

39 1009 90 1047 γχνα
113 995 153 1034 τῶν
170 990 248 1045 ἀσεβῶν
267 989 394 1047 α’νελίήμονιι.
421 992 502 1033 Paunns
519 998 588 1034 autem
609 987 716 1045 σπλάγχνα
737 997 757 1030 et

40 1062 151 1120 οἷκτιρμούς
164 1066 269 1107 coniunxit
281 1074 385 1108 oratorum
399 1081 466 1116 more,
483 1080 523 1122 quc
536 1065 682 1122 significantius
698 1079 756 1106 men—

41 1147 81 1180 tem
101 1154 159 1181 suam
176 1141 300 1183 enunciaret.
331 1141 386 1182 Dicit
400 1142 464 1196 igitur
478 1141 545 1182 rerbis
558 1141 620 1196 vulgo
637 1138 705 1181 oditis:
728 1138 756 1181 St

39 1229 95 1271 quae
113 1221 164 1256 sunt
176 1215 301 1272 affectiones
316 1221 337 1257 et
350 1214 475 1272 affectiones
488 1216 576 1273 quidem
589 1215 756 1256 misericordiae

40 1305 95 1347 ergo
116 1306 163 1342 eos,
185 1294 224 1348 qui
243 1307 281 1348 ope
294 1292 408 1349 indigent:
425 1305 467 1347 quc
484 1291 584 1332 nimirum
599 1290 755 1349 Philippenses

39 1373 125 1421 spectat,
148 1381 190 1408 non
211 1380 244 1416 se,
267 1373 302 1408 aur
321 1365 402 1416 Deam,
419 1374 442 1407 ut
462 1367 568 1416 nonnulli,
584 1366 648 1409 invita
665 1365 755 1408 oratione

40 1448 144 1492 contexta,
166 1442 276 1483 voluerunt
293 1440 331 1499 (1).
364 1441 392 1482 At
411 1441 433 1482 iu
452 1440 491 1483 hae
506 1449 574 1483 tamen
588 1441 755 1497 interpretatione

39 1517 169 1571 acquiescere
187 1531 229 1558 non
241 1517 300 1567 licet,
315 1517 331 1558 si
346 1531 454 1566 ansermi,
472 1530 617 1568 GRIESBAGHH,
633 1531 754 1566 namnam,

41 1605 174 1642 naennannr,
189 1606 283 1633 seueram
296 1591 397 1634 iudicium
413 1591 541 1648 sequendum
555 1599 595 1641 est,
609 1592 645 1646 qui
656 1592 756 1646 piollan-

40 1674 71 1708 tro
78 1685 122 1711 τινα
135 1667 271 1709 lllasculinum
281 1684 310 1717 τις
317 1667 439 1709 substituere
450 1667 528 1708 iubent.
541 1667 566 1707 Et
576 1665 628 1707 illud
636 1665 726 1723 quidem,
734 1676 756 1708 ut

40 1742 131 1797 primum
139 1742 221 1799 legitur,
227 1744 375 1784 correctionem
382 1757 455 1784 manus
462 1743 539 1784 alienae
548 1756 624 1797 sapere,
633 1740 673 1783 hoc
679 1743 756 1783 veroli-

41 1811 318 1873 brorumantiquissimorum
325 1817 440 1859 testimonio
449 1817 494 1859 satis
503 1817 612 1872 probatum
620 1831 662 1858 esse
670 1817 756 1860 videtur.

41 1890 81 1933 Sed
96 1892 181 1933 firmiter
196 1891 248 1934 mihi
262 1907 382 1947 persuasum
398 1901 437 1944 est,
455 1893 533 1935 dictum
548 1908 610 1935 raum
625 1894 758 1936 omniomni—

42 1982 69 2010 no
83 1982 153 2010 carere
165 1982 235 2018 sensu,
251 1969 267 2009 si
281 1967 331 2010 haec
343 1967 462 2011 admittatur
476 1970 568 2013 mutatio.
588 1971 640 2012 Nam
653 1984 706 2026 quae
713 1971 758 2015 Viri

41 2045 111 2095 nocti,
122 2045 157 2101 qui
174 2052 193 2085 et
207 2044 241 2087 hic
253 2044 346 2088 Verbum
360 2045 464 2102 singulare
477 2045 519 2088 ἔστι
532 2046 554 2086 in
562 2053 632 2087 mente
639 2045 758 2088 habendum

43 2134 84 2162 esse
104 2121 222 2171 censebant,
244 2135 280 2162 suo
298 2120 385 2176 quisque
400 2119 461 2161 modo
474 2126 591 2172 tentarunt,
607 2121 698 2177 profecto
711 2121 759 2163 talia

43 2204 99 2248 sunt,
118 2205 141 2239 ut
150 2196 253 2253 'Apostolo
268 2195 371 2239 scribendi
384 2195 513 2238 insolentiam
530 2197 650 2248 obtrudant,
665 2198 722 2239 ouius
738 2205 758 2238 et

42 2271 65 2313 in
78 2273 171 2328 Epistolis
187 2274 239 2324 eius,
256 2280 276 2314 et
290 2272 338 2314 alibi
353 2273 427 2314 frustra
443 2270 548 2328 quaeritur
564 2272 687 2328 exemplum.
718 2272 759 2325 Qui

43 2354 112 2388 autem
126 2349 219 2393 Verbum
232 2349 272 2404 ἔχει
286 2348 321 2391 hle
334 2348 431 2390 omissum
446 2361 487 2389 esse
503 2347 640 2397 contendunt,
649 2347 758 2403 sequentis,

43 2421 118 2463 utiam
132 2426 212 2467 monuit
226 2440 328 2473 ranerius,
347 2424 477 2464 immemores
491 2430 538 2464 sunt
550 2422 674 2464 Nonrinarivi
688 2422 761 2479 elamp-

43 2498 84 2552 μοί.
109 2497 188 2541 Deinde
200 2502 300 2545 Veterum
311 2501 449 2555 interpretum
465 2513 525 2540 nemo
539 2497 618 2540 dictum
630 2513 691 2540 raum
702 2498 761 2541 itaiu

67 2654 92 2699 {ll
104 2656 132 2687 fill.
147 2664 193 2687 onom
205 2657 224 2690 ad
236 2658 252 2692 h,
265 2658 274 2689 l.
288 2665 304 2690 or
317 2668 407 2696 rrrrrrann.
421 2659 432 2691 l.
446 2670 459 2690 e.
473 2670 489 2701 p.
501 2658 532 2697 53ae
545 2657 572 2687 69,
