1650 2790
244 79 288 105 ear.
304 64 330 105 ll.
347 78 403 105 vans.
422 65 454 113 17,
472 66 506 113 18,
524 65 556 105 19.
723 66 762 107 187

49 186 103 229 lraud
125 183 187 227 dubie
208 184 322 240 spernenda
342 191 381 235 est,
400 186 497 241 quoniam
511 187 572 229 verim
588 187 691 244 συγχαίρω
704 190 765 229 πᾶσιν

48 264 96 318 ὑμῖν
110 274 220 302 commuue
236 259 422 319 Philippensium·
430 269 450 304 et
465 277 525 303 raum
540 262 639 320 gaudium
654 245 779 312 denotants

49 338 78 379 illi
96 351 144 378 vero
161 337 193 378 vir
208 345 242 378 aut
261 352 288 378 ne
309 337 341 379 vir
358 338 442 395 quidem
455 338 526 380 induci
537 345 650 393 potuerunt
663 338 688 380 de
703 336 765 379 huius

49 413 93 458 Viri
106 420 173 454 morte
184 412 273 456 violenta
287 414 397 470 gaudentes
409 415 442 456 vel
456 413 550 471 gavisuri.
579 413 645 455 Media
664 421 733 455 autem
745 419 765 455 et

49 496 159 544 postrema,
175 495 198 530 ut
211 487 250 532 hac
265 488 384 532 difficultate
398 494 441 531 non
454 489 559 539 laborant,
574 489 602 530 ita
617 490 767 541 commendam

50 571 93 614 tur,
116 563 152 605 illa
172 563 267 621 quidem,
289 565 345 621 quod
362 564 428 605 simile
449 563 498 605 facit
519 562 642 621 gloriationis
661 578 689 606 vs.
705 566 732 608 16
745 572 765 606 et

50 638 119 696 gaudii
139 654 167 682 vs.
184 642 210 681 17
228 646 383 696 argumentum3
400 638 451 681 haee
463 653 523 690 vero,
543 638 598 694 quod
612 638 723 694 probabilis
736 647 766 681 est
795 628 797 636 ¹

49 715 160 766 sententia,
175 715 213 756 toti
226 714 287 756 huius
300 728 369 755 versus
380 714 457 757 Protasi
469 713 573 770 Apodosin
581 714 711 770 respondere.
726 715 767 756 Sed

49 790 75 831 ab
91 790 146 831 omni
161 790 308 832 asseveratione
322 804 356 831 me
372 789 461 832 deterret
474 789 601 847 ignorantia,
618 789 721 846 quomodo
731 805 767 832 au-

50 872 105 915 ctor,
122 864 158 921 qui
167 865 275 907 scribendo
287 866 390 924 συγχαίρω
404 869 466 909 πᾶσιν
480 866 529 920 ὑμῖν
542 866 628 908 lectores
643 865 767 915 laudaverat,

50 941 126 997 quippe
139 940 223 998 gaudii
238 942 275 982 sui
283 944 420 1001 participer,
437 941 486 984 huie
500 941 612 984 laudationi
625 941 693 984 statim
709 941 767 984 adii-

51 1031 97 1059 cere
109 1016 199 1072 potuerit
211 1015 378 1069 exhortationem,
391 1017 528 1075 zrtgoudirmz
536 1032 606 1059 secum
616 1017 769 1059 communelra·

51 1093 129 1135 terent.
148 1091 258 1149 Utriusque
273 1107 321 1134 vero
336 1107 405 1135 versus
421 1093 557 1149 repugnantia
571 1108 613 1135 non
628 1092 708 1134 tollitur
717 1107 768 1149 quo-

52 1182 103 1224 que,
120 1167 136 1208 si
150 1167 219 1212 Verba
232 1168 311 1225 χαίρετε
325 1175 345 1209 et
360 1167 475 1223 σαγχαίρετε
489 1181 537 1208 eum
554 1181 635 1208 unusne
649 1168 671 1208 in
685 1167 769 1210 Iudica-

51 1243 92 1285 tivo
106 1243 172 1299 posita
187 1258 229 1285 esse
244 1242 344 1285 sumimus
360 1251 380 1285 et
395 1242 565 1298 interpretamur:
582 1241 615 1285 Id
630 1257 681 1285 uero
696 1244 769 1300 ejectam

52 1317 116 1376 (roei)
134 1324 156 1361 et
167 1333 204 1360 vos
215 1318 323 1377 gaudetis
335 1324 356 1360 et
368 1333 411 1360 ααα
425 1317 532 1376 gaudetis
545 1332 631 1360 raecum.
662 1319 735 1375 Neque
745 1319 770 1362 ad

51 1393 129 1435 nodrun
138 1392 258 1435 solvendum
270 1392 344 1435 suffieit
356 1407 405 1434 cum
416 1406 475 1434 narro
487 1392 560 1437 Verbis
571 1393 636 1451 χαίρω
651 1401 671 1435 et
685 1394 770 1449 συγχαί-

51 1486 93 1526 pare
112 1467 221 1525 cogitando
240 1467 329 1510 adiicere
347 1467 374 1509 de
395 1468 448 1510 douo
469 1482 524 1519 aneo,
544 1467 612 1510 alteris
628 1469 731 1526 συγχαίρω
750 1475 770 1510 et

52 1545 129 1602 χαίρετε
148 1545 175 1586 de
194 1545 246 1586 dono
259 1550 337 1585 oestro.
367 1543 440 1599 ltaque
454 1542 495 1584 duo
508 1542 544 1585 illa
555 1544 578 1585 in
591 1543 722 1586 concordiam
735 1559 770 1585 re-

52 1619 95 1676 digi
109 1634 167 1675 posse
182 1634 224 1660 non
237 1618 309 1670 video,
325 1617 365 1660 nisi
377 1617 426 1660 huic
443 1618 529 1661 orationi
547 1618 611 1677 (quod
625 1617 705 1676 vercor)
721 1635 770 1662 eon-

53 1710 128 1752 gruens
147 1694 242 1738 habenda
255 1694 280 1736 sit
299 1693 427 1744 coniectura,
442 1709 526 1736 inuuunt
540 1694 653 1737 laudationi
671 1694 772 1738 addidisse

52 1770 223 1821 admonitionem,
239 1777 263 1812 ut
276 1768 302 1812 ad
314 1768 412 1827 gaudium
426 1770 492 1811 maius
506 1778 526 1812 et
539 1770 627 1826 amplius
640 1770 772 1830 Plu'lzpperz-

53 1861 87 1888 ses
106 1847 227 1902 impelleret.
258 1845 300 1889 Sed
316 1845 333 1887 si
352 1844 428 1888 fluctus
443 1847 509 1897 forte,
525 1850 548 1888 ut
564 1847 631 1897 aiunt,
647 1847 733 1889 excitavi
749 1848 772 1889 in

53 1923 153 1979 simpulo,
176 1922 287 1972 benevole,
309 1935 393 1977 precor,
415 1920 465 1964 huie
492 1922 567 1965 nimiae
588 1938 647 1965 meae
669 1923 772 1966 sedulitati

53 1998 176 2056 ignoscatur.

357 2119 414 2146 vnas.
431 2108 466 2147 19.

84 2225 102 2265 A
116 2225 208 2267 tristibus
221 2238 279 2267 nune
290 2238 367 2266 raucus
380 2222 405 2266 ad
418 2223 512 2275 laetiora,
528 2213 618 2280 quorum
630 2225 672 2268 iam
686 2226 775 2268 mentio-

56 2313 104 2340 nem
119 2300 170 2342 feeit
187 2315 215 2343 vs.
232 2303 271 2351 16,
292 2300 322 2343 sie
334 2298 402 2342 redire
417 2299 502 2356 incipit:
517 2298 602 2352 Ἐλπίζω
619 2300 643 2343 δὲ
662 2302 684 2344 ἐν
701 2301 789 2359 Κυρίῳ*

54 2373 131 2430 Ἰησοῦ,
152 2390 216 2432 quae,
237 2390 285 2419 oum
301 2375 423 2418 conveniant
437 2375 491 2416 infra
504 2388 531 2416 vs.
547 2376 576 2416 24
590 2376 669 2431 seriptis
682 2374 775 2418 πέποιθα

56 2450 79 2492 δὲ
93 2453 114 2494 ἐν
127 2452 208 2511 Κυρίῳ,
223 2451 342 2508 exponenda
356 2451 459 2493 videntur:
479 2464 543 2508 spero
556 2456 628 2492 aretem
645 2450 691 2501 rire,
706 2451 773 2493 adaia-

56 2531 120 2567 oaute
132 2525 225 2568 Domino
240 2543 297 2576 rusu,
313 2527 350 2570 ltoe
364 2532 536 2577 consecutorum,
550 2533 574 2567 ut
587 2527 733 2584 interpretatus
745 2534 775 2570 est

58 2616 158 2651 onorius,
185 2616 276 2658 quocum
300 2617 470 2654 euarsosmms,
497 2608 638 2653 cucurrimus,
661 2618 774 2647 rit-nonm-

60 2692 136 2719 aacros
149 2684 170 2718 ot
182 2691 252 2720 omnes
265 2679 308 2722 fere
325 2677 461 2723 consentiunt.
476 2680 502 2721 Et
511 2679 662 2722 nemofortasse
671 2679 774 2722 dissensu-
