1650 2790
278 43 322 76 eir.
331 31 373 76 ,HL
390 46 445 75 runs.
464 36 489 83 5,
508 35 527 76 6.
709 35 748 75 221
780 32 782 36 ”

41 155 170 200 statuendum
184 162 223 205 est,
237 162 341 197 auctorem
356 155 389 197 hle
404 158 464 198 verba
477 156 600 205 cumulasse,
618 163 641 197 ut
653 157 751 197 natalium

42 245 125 274 suorum
138 230 223 286 gloriam
236 230 330 285 deinceps
344 231 463 285 ampliorem
476 239 495 272 et
509 230 639 272 illustriorem
652 230 751 272 redderet,

41 305 152 348 Scribendo
171 319 245 360 nempe
264 308 360 365 περιτομῇ
372 303 490 363 ὀκταήμερος
509 305 599 346 indicere
612 306 685 347 roluit:
709 304 753 347 In-

42 383 110 425 decus
130 396 190 434 srern3
211 396 252 421 tren
267 379 410 437 Prosclytns,
427 397 462 423 seu
476 381 560 422 advena
578 381 610 422 ad
620 381 753 423 Iudaeorum

42 459 158 500 civitatem.
188 457 248 498 Nunc
266 456 403 513 gradationem
420 457 487 498 facere
500 455 572 511 incipit
588 455 683 498 uiliioiens
698 457 753 513 quod

41 534 77 573 illo
92 532 157 573 maius
173 539 211 573 est:
223 532 392 589 'expetentibus
406 531 499 571 eiusdem
510 531 591 587 gentis,
603 544 644 571 οιοο
652 545 679 571 eae
686 531 753 572 Pros-

42 609 108 663 elytis
122 613 186 648 reatris
200 621 253 648 sein.
283 606 327 646 Hoc
348 612 414 654 certe,
433 618 583 645 cunrsosrouo
603 602 667 654 duce,
682 605 754 647 Verbis

42 682 84 724 eius
105 684 127 726 ἐκ
140 682 208 739 γένους
220 678 301 737 Ἰσραήλ
320 680 385 722 inesse
400 678 493 723 arbitror.
522 678 581 722 Haud
599 678 659 734 pauci
672 679 755 736 quidem

43 745 128 813 spectari
146 765 219 815 putant
238 756 347 798 discrimen
367 755 420 796 inter
435 754 529 796 Irrdoecs
546 762 565 796 et
583 753 709 805 Idumaeos,
725 756 756 796 uti

44 847 133 874 cnorrus
153 830 194 890 (1);
215 830 250 872 sed
264 831 345 886 longius
357 818 397 871 lioc
409 829 523 885 quaesitum
538 836 577 879 est,
591 828 667 871 ideireo
684 831 755 879 etiam,

45 905 100 962 quod
120 921 162 948 non
180 906 256 961 liquet,
278 919 360 960 rnunpu
379 918 466 960 usquam
486 903 640 945 [cainaeorum
658 905 757 946 mtionem

45 971 144 1022 habuisse.
169 981 308 1022 llsrrnrrsrus
318 979 437 1035 Apostolum
451 978 551 1035 originem
564 993 621 1020 suam
635 981 711 1021 referre
725 979 757 1021 iu-

45 1056 98 1097 dicat
111 1054 137 1097 ad
146 1054 283 1097 Patriareham
297 1069 401 1105 riconmu,
414 1053 493 1110 sibique
506 1053 641 1096 honorificum
647 1054 755 1109 Israelis,

45 1130 101 1187 quod
113 1130 144 1171 illi
159 1129 211 1172 Gen.
226 1130 313 1172 XXXII:
329 1132 357 1172 23
369 1129 487 1183 impositum
500 1136 540 1179 cst,
555 1116 657 1172 vindicare
670 1146 756 1173 nomen:

45 1213 65 1247 at
81 1204 123 1246 hac
147 1205 323 1260 interpretatione,
343 1218 377 1244 me
393 1203 474 1253 iudice,
495 1211 565 1245 eontra
581 1204 679 1259 loquendi
696 1219 758 1246 nsum

44 1278 148 1334 Emphasis
172 1279 257 1336 fingitur
283 1286 303 1319 et
326 1278 457 1334 perturbatur
486 1276 546 1327 liuius
573 1278 667 1320 orationis
691 1279 758 1323 series.

45 1354 140 1408 Quamvis
160 1369 235 1409 nempe
248 1354 355 1409 Apostolus
370 1352 469 1410 gradatim
483 1353 509 1394 ab
524 1352 667 1397 humilioribus
683 1355 708 1397 ad
722 1370 759 1397 su-

44 1429 125 1485 periora
145 1429 259 1479 adscendit,
280 1444 352 1471 ricem
370 1436 439 1470 tamen
459 1435 544 1470 aetatem
564 1429 657 1471 nondum
670 1430 758 1486 ¹attingit

46 1503 151 1545 scribendo
166 1508 232 1560 φυλῆς
244 1504 350 1556 Βενιαμίν,
364 1518 405 1559 quo
422 1518 444 1543 se
459 1518 501 1543 nort
516 1517 543 1544 cx
556 1504 684 1561 ignobiliori
698 1520 759 1561 qaa-

47 1579 97 1620 dam
111 1580 170 1620 trz'dn
184 1571 354 1626 Israettrarmiz,
376 1577 417 1619 scd
428 1592 454 1618 cx
470 1577 527 1618 tribu
541 1592 661 1620 nsnrnnrrus
677 1580 758 1621 elutus-

47 1655 102 1696 se'mo
111 1656 253 1712 progenitum
266 1667 312 1694 esse
324 1652 420 1699 declarat.
450 1652 498 1694 Sine
513 1652 608 1708 scrupulo
623 1653 678 1695 enim
692 1654 760 1696 denuo

47 1730 151 1786 sequimur
165 1744 343 1779 cunrsosrouon,
360 1742 450 1784 quocum
465 1728 559 1784 plerique
575 1728 600 1769 de
616 1737 685 1771 mente
700 1745 761 1772 inum

48 1804 165 1860 explicanda
187 1811 333 1845 convenerunt.
368 1803 477 1843 Summum
497 1816 545 1843 rero
566 1802 642 1857 gloriae
657 1805 761 1860 fastigium

48 1879 228 1935 Philippensibus·
244 1884 429 1919 commonstrarunt
442 1883 544 1931 postrema
552 1875 639 1931 Ἐβραῖος
651 1879 673 1927 ἐξ
685 1877 764 1933 Ἐβραΐ-

48 1970 81 1996 ων.
108 1952 148 1994 Sed
163 1951 284 2010 gradationis
303 1951 353 1993 ratio
366 1949 401 1992 liic
417 1949 478 1992 etiam
494 1949 520 1991 al]
535 1948 628 1990 omnihus
642 1948 762 1992 nonhabe-

49 2035 89 2070 tnr.
119 2027 168 2069 ruhi
182 2035 236 2070 certe
250 2041 294 2068 eam
308 2025 414 2082 negligere
429 2024 533 2074 ridentur,
551 2024 587 2080 qui
602 2022 653 2067 haec
666 2025 691 2067 ab
705 2026 763 2081 Apo-

51 2104 101 2145 stolo
115 2104 188 2160 scripta
205 2118 246 2145 esse
264 2102 381 2157 opinantur,
397 2100 429 2141 rel
444 2107 467 2140 ut
481 2114 502 2140 se
517 2114 529 2141 a
542 2099 669 2156 {roselptt's
685 2100 763 2143 discer-

51 2185 119 2228 neret,
135 2180 167 2221 rel
181 2186 204 2219 ut
217 2173 324 2234 utriusque
336 2175 423 2232 parentis
436 2174 468 2215 sui
480 2173 581 2230 originem
591 2175 688 2218 Iudaeam
698 2183 764 2218 osten«

52 2251 114 2295 deret.
144 2255 238 2296 Alterum
253 2266 329 2295 onusro
345 2258 365 2293 et
380 2264 460 2293 enemo
476 2248 564 2305 placuit,
579 2250 666 2292 alterum
679 2266 764 2294 vromro

53 2333 73 2367 et
88 2342 231 2374 nnrrnrcnsro.
261 2330 332 2372 Pinio
346 2334 414 2370 autem
424 2326 582 2370 Tarsensium
594 2327 689 2384 congruit
697 2326 766 2382 opinio

51 2439 223 2450 μὴ...

75 2508 99 2553 (t)
111 2510 177 2541 Gnosius
187 2512 282 2545 remaneas
293 2522 355 2555 qnoque
367 2515 450 2541 memorat:
462 2508 488 2541 sed
500 2508 555 2540 horum
565 2509 641 2538 rationem
648 2515 703 2537 ninius
710 2506 768 2539 hahere

54 2583 85 2602 non
95 2572 157 2614 potuit,
169 2574 242 2615 quonlam
253 2574 278 2606 illi
289 2585 320 2604 non
332 2579 385 2604 octavo
397 2582 405 2602 ο
416 2569 495 2602 natalibus
506 2570 541 2610 die,
555 2568 582 2600 scd
594 2568 652 2599 decimo
660 2570 706 2600 tertio
714 2570 769 2601 relatis

55 2644 93 2664 sinito
106 2634 261 2667 ‹irrrrnrrilelnutur,
286 2635 324 2666 Cum
337 2642 391 2667 uuottu
405 2639 475 2664 errarunt
488 2619 667 2673 aristenetusruique,
