1650 2790
305 38 349 67 oar.
364 25 391 69 ll.
407 40 463 69 vnrrs.
479 32 514 71 td.
721 34 761 75 ‘an

57 144 182 203 cogitatione,
212 145 281 187 Altero
295 153 364 189 autem
377 148 515 204 Comparativo
531 166 608 193 ursanus
621 151 731 209 signifieat,
744 168 764 193 so

56 219 179 262 festinantius
194 221 270 263 misisse
285 236 455 276 nnannnonlruu,
472 241 534 282 quam
548 242 595 276 eum
604 227 700 269 missurus
713 227 764 267 fuis-

55 304 93 347 set,
110 295 148 335 nisi
162 295 318 354 Philippenses
333 298 359 341 de
373 299 445 341 morbo
461 302 502 343 eius
518 303 645 346 audivissent.
654 338 657 344 ,
667 304 720 345 Nam
729 303 763 360 qui

56 387 124 414 voeern
139 372 297 431 σπουδαιοτέρως
311 389 358 417 eum
373 390 475 418 nnnennro
490 377 591 432 explicant
606 380 682 429 σιἰιαο,
700 386 765 436 quam

55 462 188 499 rrnornuun,
204 449 362 492 animadvertere
377 451 501 508 negligunt,
510 451 630 506 Apostolum
642 460 662 493 et
670 453 700 503 iis,
711 467 764 509 quae

56 539 113 566 versu
129 526 156 566 25
172 523 197 566 de
211 539 355 567 srarnnonrro
370 526 459 567 seribere
473 526 582 581 inciperet,
598 526 764 582 promissionem,

54 615 96 642 non
110 601 208 643 missionis
222 615 336 651 ainornm,
359 600 394 642 sed
409 601 440 641 sui
455 600 562 653 adventus,
578 602 728 658 praeposuisse3
745 610 765 644 et

53 675 101 718 inde
116 676 141 718 ah
156 676 191 718 illo
206 691 265 718 versu
279 676 316 717 tali
330 689 390 716 usum
406 690 448 717 esse
463 676 563 728 oratione,
579 684 603 718 ut
617 675 652 719 hie
667 678 765 719 citiorem

54 759 133 793 tantum
151 764 292 792 nrarnnonrrr
306 750 423 793 missionem
438 765 485 793 oum
501 754 573 794 minas
587 754 633 794 ez'te
648 767 766 808 comparare

55 834 125 882 posset.
155 827 209 883 Ergo
224 824 382 883 σπουδαιοτέρως
395 826 450 868 idem
465 826 515 869 dicit
529 835 589 884 atque
605 828 643 870 Ιιοο
655 828 765 887 festinan-

54 902 109 952 aas,
125 900 299 958 quemadmodum
314 899 434 960 ἀλυπότερος
447 901 502 944 idem
516 909 577 958 atque
591 902 630 944 ltoe
640 905 714 944 mittas
726 903 767 945 do-

53 978 113 1018 leas:
122 990 219 1017 sermone
233 976 355 1020 vernaculo:
371 977 409 1020 des
424 983 445 1019 te
459 978 586 1037 spoedr'ger,
601 978 667 1020 desto
680 978 766 1020 αιτιιοῖον

53 1051 157 1109 dedroefd
170 1050 177 1110 (
192 1049 208 1108 )

81 1129 152 1170 Restat
166 1128 268 1185 quaestio,
284 1127 410 1170 adverbium
425 1127 497 1180 nolin,
511 1128 567 1184 quod
580 1135 657 1170 temere
671 1128 766 1169 nonnulli

53 1203 175 1254 omiserunt,
198 1217 246 1245 oum
266 1202 397 1259 praecedeuti
415 1201 490 1253 ἰδόντες
510 1202 675 1245 connectendum
689 1203 766 1252 sit,.an

54 1293 102 1320 eum
117 1279 210 1334 sequenti
224 1282 306 1335 χαρῆτε.
334 1278 390 1320 Illud
405 1279 489 1334 quidem
504 1278 767 1334 uuzan,enor10'aliisqne

53 1354 132 1410 magnis
146 1352 223 1408 plaeuit
238 1353 395 1408 interpretibus,
406 1353 467 1394 etiam
477 1367 560 1395 wrnnno
571 1351 600 1411 (2)
608 1369 613 1405 ;
622 1353 657 1394 sed
665 1360 721 1394 reete
728 1368 767 1394 nu-

53 1443 90 1484 per
105 1442 241 1469 umssurnsrns
252 1442 331 1469 morem
346 1428 407 1485 gessit
421 1427 457 1479 iis,
474 1428 509 1484 qui
523 1426 563 1469 hoo
575 1427 634 1469 alteri
643 1428 767 1483 praeierunt.

54 1504 133 1544 Pronus
149 1504 204 1544 enim
219 1502 321 1544 Particula
335 1500 395 1544 πάλιν
411 1502 440 1543 sio
454 1502 529 1552 utitur,
545 1509 568 1543 ut
581 1516 626 1543 eam
633 1502 735 1557 plerisque
744 1502 765 1542 in
785 1524 787 1527 -

54 1579 103 1620 loeis
118 1577 187 1622 Verbo
202 1584 324 1633 praeponat,
340 1576 363 1618 in
378 1576 450 1618 oeteris
464 1591 512 1617 vero
521 1577 628 1632 multoque
638 1577 782 1632 paucioribus

54 1652 123 1696 Verbo
139 1651 223 1708 quidem
236 1658 354 1707 postponat,
370 1650 406 1693 sed
419 1650 512 1707 proxime
527 1659 547 1692 et
562 1651 619 1692 nullo
634 1652 768 1693 alioNomino

55 1728 86 1769 vel
108 1725 231 1769 Pronornine
252 1724 392 1768 intercedente
407 1723 446 1782 (3)
476 1726 518 1768 Neo
538 1724 578 1776 hoc
595 1726 641 1768 loeo
655 1727 707 1768 forte
723 1726 767 1784 quis

78 1893 104 1938 (1)
121 1894 146 1924 Ila
157 1893 256 1924 Adiectivum
268 1895 346 1937 μτίζουιι
357 1894 416 1926 [ouria.
428 1893 474 1924 XIX:
488 1894 508 1923 11
522 1893 625 1935 interpretans
636 1900 731 1922 svsrsrturus
744 1903 770 1923 ca-

55 1955 101 1997 ligini
116 1955 166 1987 lucem
183 1954 244 1987 attulit.
266 1957 330 1987 Praeter
347 1953 388 1986 locos
408 1959 460 1985 autem
476 1952 495 1984 ab
516 1965 534 1984 eo
550 1954 634 1996 excitatos,
650 1953 686 1985 side
704 1951 769 1985 Mutet.

55 2017 122 2050 XXVII:
134 2017 162 2048 24.
174 2016 234 2048 Ιοσαιι.
246 2016 291 2048 XIX:
301 2018 318 2047 8.
331 2016 378 2047 Pte.
390 2016 409 2046 1:
422 2015 452 2057 12,
465 2015 494 2046 14.
506 2014 577 2047 Xsnorn.
589 2013 640 2047 illem.
647 2017 693 2047 socr.
701 2013 735 2047 Lib.
741 2015 769 2047 lV.

56 2088 89 2120 cap.
99 2080 116 2110 3.
140 2077 170 2109 Sed
180 2078 249 2109 sexcenti
260 2077 318 2109 similes
329 2076 390 2108 laudari
401 2081 471 2118 possunt.

79 2139 102 2184 (2)
114 2139 126 2172 l.
139 2150 152 2172 c.
163 2150 179 2182 p.
191 2140 230 2171 316.

79 2200 103 2246 (3)
120 2201 164 2233 Tales
181 2201 212 2233 loei
229 2205 266 2232 sunt
280 2202 292 2231 2
306 2200 343 2232 Cor.
354 2200 377 2232 X:
389 2199 406 2230 7.
422 2201 460 2232 eat.
472 2199 505 2231 IV:
517 2199 534 2230 9.
546 2200 570 2232 V:
583 2201 600 2232 3.
613 2198 769 2241 Pttt.1:2e,uht

57 2267 108 2294 lumen
123 2263 177 2296 πάλιν
189 2262 235 2294 aliter
246 2269 286 2294 stare
298 2263 365 2305 nequit¹
376 2272 426 2305 quam
437 2268 472 2303 post
483 2263 590 2305 nequitatiae.
614 2262 650 2293 Siue
662 2272 706 2293 cansa
718 2267 769 2292 autern

56 2322 145 2355 dubitatum
157 2332 186 2368 est,
199 2323 294 2357 auverbnn
306 2322 358 2355 Verbo
370 2324 475 2367 praepositum
487 2334 506 2354 an
515 2324 620 2365 postpositum
628 2325 649 2354 sit
656 2325 667 2352 2
675 2324 712 2355 Cor.
718 2321 747 2354 lili
753 2323 769 2353 1:

57 2395 92 2415 nam
107 2386 139 2427 ipse
152 2393 206 2417 Pilutus
218 2393 285 2418 montem
296 2397 339 2417 suam
351 2386 418 2428 explieat
429 2395 462 2427 cap.
474 2385 499 2416 V:
513 2385 541 2415 12.
563 2384 639 2415 Similiter
652 2395 685 2426 cap.
697 2383 735 2414 xit:
749 2385 770 2414 lo

57 2446 122 2486 πάλιν,
142 2448 184 2489 quod
200 2448 271 2479 nonnulli
287 2454 351 2491 propter
362 2456 428 2490 sequens
441 2447 515 2479 δοκεῖτε
527 2446 544 2477 in
556 2445 715 2484 attaminarunt,
728 2446 770 2476 refe·-

58 2507 122 2539 rendunr
138 2514 161 2538 est
172 2507 191 2539 ad
205 2510 359 2553 tautoyotnnao:
371 2508 500 2552 quemadmodum
511 2518 533 2539 vs·
545 2509 577 2550 21,
589 2509 639 2538 utin
650 2518 673 2538 vs.
687 2509 709 2538 20
721 2519 771 2550 appa-

58 2578 93 2615 ret,
105 2569 167 2614 rronQatl
178 2573 265 2614 proximum
277 2573 359 2606 ἐλθόυτα
371 2586 404 2615 με,
416 2569 443 2602 sed
455 2570 475 2602 ad
486 2569 560 2602 remotius
572 2568 682 2614 ταπεινώσῃ,
699 2568 771 2601 Neeiuro

59 2635 144 2678 uariisque
159 2633 193 2675 quis
205 2645 259 2676 anceps
271 2634 350 2671 introbit.
368 2646 388 2667 an
399 2631 502 2666 connectenda
514 2632 545 2664 sint
557 2633 603 2664 Ιίιαα.
617 2631 669 2664 Viti:
683 2633 704 2663 15
718 2631 772 2666 πάλαι
