1650 2790
91 57 133 97 258
337 65 380 93 etr.
397 51 432 92 lll.
446 64 501 92 vens.
518 53 551 92 19,

91 180 126 219 cni
142 177 244 217 servirent,
275 173 371 215 Similiter
384 174 438 216 idem
453 173 533 216 vivendi
548 188 611 231 genus
629 174 723 230 proponit
736 172 797 218 Rem.

91 252 150 295 XVI:
177 251 215 301 18,
243 256 263 290 et
285 264 360 290 nomen
381 248 425 292 Dei
445 252 457 296 2
483 249 534 293 Gor.
557 249 594 293 IV:
619 252 631 291 4
649 249 675 291 de
696 264 719 292 eo
739 264 800 291 usur-

91 334 135 383 pat,
157 326 216 383 qnod
225 340 270 383 pro
284 324 330 366 Deo
343 324 438 367 liabetur.
469 326 534 366 Recte
546 332 613 367 auten]
629 339 720 367 irrentus
733 324 802 366 homi—

92 416 127 443 nes
148 401 235 443 describi
255 400 325 452 docet,
346 399 482 456 voluptatibus
501 399 588 451 deditos,
608 414 660 456 quae
681 415 706 441 ex
721 401 766 442 cilio
782 408 802 442 et

92 484 142 532 potu
161 477 310 532 percipiuntur.
341 474 380 516 Sed
395 475 413 515 ei
430 475 521 516 assentiri
534 490 575 517 non
588 489 681 530 possum,
698 489 750 531 cum
759 476 802 517 cal-

93 552 164 593 culum
180 551 248 594 adiicit
262 550 418 606 Interpretilius,
435 551 471 605 qui
485 551 590 607 sequentia
606 553 639 593 καὶ
659 546 703 607 (ὧν)
721 552 736 607 ἡ
753 548 803 600 δόξα

92 628 114 668 ἓν
127 629 154 685 τῇ
167 624 254 684 αἰσχύνῃ
269 624 335 668 αὐτῶν
347 639 383 666 res
398 639 499 667 venereas
515 625 628 681 significare
643 632 722 680 putant.
752 625 803 666 ttul-

92 707 113 740 to
127 700 194 741 minus
208 712 322 749 nunonem,
337 705 451 749 ineuntur,
467 714 556 741 sronmo
570 698 671 750 concedo,
685 714 770 741 neuneu
780 698 802 741 in

93 782 161 825 mente
180 773 274 816 habuisse
294 775 490 826 circumcisionem,
510 773 566 830 quod
581 774 622 815 iam
634 775 732 819 Veterum
748 789 802 815 non-

92 850 154 892 nullis
173 850 262 905 placuit,
283 850 314 890 uti
328 864 418 892 rentem
433 856 453 890 et
466 864 635 900 Arrnnosrnsrno,
651 863 740 905 quorum
752 850 803 891 alter

93 926 172 968 Graeca
184 925 281 980 explicuit
294 927 318 965 in
332 926 494 966 circinncisione
509 924 623 967 verecundi
636 924 736 974 membri,
754 924 804 965 alter

93 1015 116 1041 ea
129 999 217 1041 reddidit
233 1001 258 1038 in
267 998 382 1055 pudendis
395 1001 498 1055 ipsoram
528 999 594 1040 Immo
608 999 651 1042 sine
663 999 759 1054 scrupulo
774 1014 804 1040 se-

93 1090 145 1131 quor
156 1073 344 1129 interpretationem
358 1087 514 1115 ennmosronr:
537 1073 569 1130 ἐφ’
587 1070 615 1123 οἷς
633 1073 671 1117 ἔδει
687 1074 804 1129 ἐγκαλύπτε-

93 1153 155 1200 odet,
176 1145 298 1198 inliciente
312 1145 449 1202 σεμνύνοντνκ
468 1161 558 1204 quocum
571 1148 640 1203 magni
653 1147 698 1191 Viri
714 1163 804 1190 consen-

92 1224 157 1274 tiunt,
178 1223 238 1265 etiam
256 1238 356 1273 enorme,
373 1223 463 1279 quamvis
481 1222 515 1264 liic
527 1229 618 1264 mentem
630 1223 717 1265 auctoris
731 1224 805 1266 arctius

94 1311 157 1354 quarn
170 1306 248 1354 oportet
262 1297 366 1354 restringit
378 1298 495 1340 scribendo:
512 1298 570 1356 qnod
581 1299 669 1340 minime
684 1313 719 1340 eos
736 1299 805 1350 decet,

93 1373 191 1430 qnotidie
211 1375 234 1414 in
256 1374 360 1414 conviciis
382 1387 440 1427 esse,
464 1373 490 1415 de
516 1388 540 1414 eo
559 1375 652 1415 ortamine
666 1374 805 1431 gloriantur.

94 1449 139 1492 Vox
156 1447 213 1490 enim,
224 1445 309 1505 αἰσχύνη
322 1448 344 1488 in
359 1448 415 1490 Novo
427 1450 555 1491 Testamento
567 1449 612 1505 plus
624 1449 686 1490 semel
699 1457 808 1506 usurpatur

95 1523 215 1565 demerem
233 1523 381 1580 turpitudine,
394 1531 418 1564 ut
429 1526 441 1565 2
460 1523 510 1568 Cor.
524 1524 563 1567 IV:
578 1527 602 1576 23
618 1523 644 1566 de
657 1526 748 1566 membro
758 1540 806 1583 pn-

95 1599 174 1649 dendo,
199 1606 234 1641 aut
248 1599 311 1640 relms
324 1600 421 1640 venereis
426 1629 433 1653 7
452 1613 491 1640 nec
505 1597 573 1656 Aper,
585 1599 625 1639 Ill:
640 1602 679 1650 18,
695 1614 763 1656 neque
777 1599 809 1642 his

96 1676 119 1715 in
134 1673 191 1715 libris
213 1673 268 1715 alibi.
298 1672 376 1714 Deinde
394 1680 417 1714 ut
435 1673 554 1715 insolentius
576 1681 605 1715 est
625 1673 703 1715 dicere:
719 1689 809 1733 qnorum

94 1749 219 1807 gloriaest
235 1750 259 1788 in
273 1749 335 1789 rebus
350 1751 395 1790 sicis
410 1751 522 1799 venereis;
537 1749 566 1791 sic
583 1748 685 1791 dictorum
699 1750 809 1792 circumia-

99 1824 189 1866 centium
208 1837 277 1864 sensus
295 1823 426 1879 interponere
446 1832 509 1866 retat:
532 1839 622 1881 qnorum
640 1826 719 1884 glorio
736 1830 768 1867 est
786 1826 809 1866 in

97 1900 259 1941 circumcisione
276 1899 365 1940 membri
379 1899 487 1958 pudendi.
519 1899 588 1953 Quid?
610 1900 666 1956 quud
684 1901 724 1943 loci
736 1900 810 1942 similes

98 1974 156 2017 Han.
168 1974 198 2015 ll:
215 1977 248 2017 16.
265 1973 327 2016 Iton.
341 1974 380 2018 Vl:
396 1977 432 2027 21,
446 1983 466 2016 et
482 1990 532 2032 quos
547 1975 629 2017 aliunde
643 1976 755 2018 attulerunt
771 1992 810 2018 ne-

99 2064 184 2092 rneums
203 2057 222 2090 et
240 2063 379 2100 irersrmms,
395 2050 478 2092 omnino
493 2050 587 2102 suadent,
603 2058 627 2093 ut
639 2052 809 2108 interpretemur:

99 2131 121 2167 et
137 2125 235 2183 gloriam
256 2139 317 2166 sitnm
330 2132 415 2183 pontmt
434 2128 458 2167 in
480 2129 521 2180 iis,
542 2127 617 2185 quidne
631 2127 749 2184 infamiam
768 2127 810 2168 sibi

98 2197 205 2257 inferunt.
237 2200 364 2242 Postremum
379 2215 457 2242 munus
471 2202 499 2243 ait
511 2201 530 2243 οἱ
549 2201 575 2244 etl
594 2200 668 2256 ἐπίγεια
682 2204 809 2257 φρονοῦντες;

100 2291 152 2333 quae
167 2275 183 2316 si
198 2275 276 2316 fervore
292 2275 393 2330 scriptoris
408 2275 520 2317 festinantis
531 2276 596 2331 posita
609 2291 650 2317 esse
664 2276 762 2318 sumimus
773 2290 810 2332 pro

99 2352 118 2394 οἳ
130 2350 157 2396 rel
169 2349 244 2406 ἐπίγεια
257 2354 373 2407 φρονοῦντες
385 2350 433 2402 εἰσί,
451 2350 502 2392 nihil
522 2351 544 2392 in
561 2351 669 2393 verborum
682 2351 740 2394 rideo
759 2360 810 2394 stru-

100 2434 168 2480 ctura,
185 2426 240 2482 quod
260 2425 364 2467 offensioni
383 2441 424 2467 esse
437 2426 504 2481 possit.
534 2427 559 2468 Et
573 2424 645 2468 eodem
657 2428 712 2477 iure,
728 2435 752 2468 ut
764 2441 810 2467 rno-

99 2503 145 2544 nuit
156 2517 267 2552 insumus,
284 2500 323 2543 hoc
338 2515 418 2542 sumere
427 2501 490 2553 licet,
506 2516 547 2558 quo
561 2517 620 2558 supro
632 2503 663 2544 usi
677 2517 759 2553 summ,
775 2516 810 2543 er-

99 2578 170 2634 pressis
182 2584 213 2618 ter
227 2577 344 2619 adiicientes
358 2575 465 2633 Singulerc
478 2577 527 2620 ἐστι’,
555 2577 655 2620 Orationis
671 2585 724 2620 certe
736 2591 810 2633 perpe-

100 2654 192 2696 tuitatem
200 2647 342 2708 imprudenter
350 2651 424 2695 tollunt
432 2667 543 2703 neuturus,
551 2668 583 2696 on.
591 2668 708 2704 scnnmms⁷
714 2667 810 2702 nomios,
