1650 2790
86 67 127 108 220
317 77 361 105 err.
377 62 412 105 llI.
429 77 484 106 vens.
501 67 525 113 5,
541 67 561 107 6.

86 188 159 245 aliquis
166 175 245 236 bomo,
262 187 321 227 utin
336 187 393 237 loeo,
408 186 431 229 in
446 201 487 244 quo
502 200 558 228 nune
569 199 678 230 versamur,
695 187 738 230 Hoc
747 202 794 230 vero

85 263 131 304 ideo
145 259 302 317 improbandum
317 267 355 311 est,
372 261 427 317 quod
442 260 583 317 praecedentia
598 269 618 302 et
633 262 738 317 sequentia
756 263 794 304 do-

86 345 144 387 cent,
159 351 202 377 non
217 335 297 378 tertiam
310 335 435 393 Singularis,
451 336 486 377 sed
498 336 584 391 primam
594 333 628 377 hie
641 336 734 379 omissam
746 352 794 380 esse,

85 414 150 454 Recte
164 411 228 469 igitur
244 425 400 462 enrnsmomns,
417 412 530 453 multorum
542 410 661 455 anctoritate
674 413 794 458 fremeba-

87 489 152 529 tirum
165 486 200 529 hie
213 501 251 543 pro
264 487 390 529 Nominntiro
403 486 505 528 substituit
514 485 559 544 (l).
583 488 662 542 Pinnos
671 487 794 530 eutembine

89 562 189 620 gloriandi
203 562 285 604 initium
298 562 355 611 fecit,
372 568 395 602 ut
409 575 431 602 se
445 561 467 602 in
483 575 517 611 eo,
533 561 589 616 quod
603 561 689 604 maxime
697 561 796 618 pendere-

86 645 121 679 tur
135 653 148 679 a
160 636 250 687 Iudaeis,
270 635 347 677 nemini
362 635 434 677 cedere
448 635 567 677 ostenderet.
597 636 639 678 Nec
651 644 719 678 tomen
733 654 795 694 προην

88 712 200 768 γουμένως,
213 719 237 753 ut
251 710 278 754 ait
293 725 465 763 orneoscopos,
481 711 509 754 itu
523 711 575 768 egit,
587 710 623 753 sed
633 710 750 753 bominibus
763 726 796 753 oc-

89 803 171 831 currere
185 788 265 839 volens,
281 777 370 844 quorum
384 786 478 843 superbio
492 786 552 828 rebus
567 785 653 829 externis
665 801 686 828 se
695 786 796 828 efferebat.

118 865 143 905 In
156 878 239 906 censum
251 865 306 904 nune
319 862 374 903 venit
381 862 475 917 splendor
483 862 590 903 natalium:
605 864 627 906 ἐκ
639 860 798 917 γε’νονςἸσραὴλ,

89 941 155 993 φυλῆς
167 938 275 991 Βενιαμὶν,
286 935 374 992 Ἑβραῖος
386 937 408 985 ἒξ
420 935 523 990 Ἑβραίων,
535 935 604 977 idest:
618 951 644 977 ere
657 942 722 994 gente
731 934 798 977 Isra-

89 1012 165 1053 e'le'tr'eo
186 1008 261 1064 (seror),
281 1009 351 1050 tritus
365 1022 493 1057 rnnrrnnns,
508 1007 623 1051 Hebraeos
640 1025 668 1051 err
682 1009 796 1052 Hebraeis,

88 1086 166 1129 Vocem
179 1082 260 1142 Ἰσραήλ
273 1098 315 1126 non
328 1084 350 1124 in
364 1082 502 1134 Nominntiro,
518 1083 553 1125 sed
567 1083 590 1125 in
605 1085 698 1127 Genitiro
711 1075 806 1141 positam

89 1176 131 1202 esse
151 1159 245 1202 adversus
263 1172 361 1200 nmsnun
376 1157 468 1212 probarit
487 1172 577 1200 nnnsros.
608 1158 712 1201 Genitirns
731 1164 798 1216 φυλῆς

88 1235 114 1275 ab
128 1234 199 1276 emisso
205 1233 273 1276 Verbo
286 1232 327 1286 ιῖμί
337 1231 418 1287 pendet,
434 1238 457 1271 ut
469 1230 533 1274 Ilion.
548 1233 607 1274 XIII:
623 1237 687 1290 5sqq.
703 1235 795 1277 XXXIV:

91 1312 117 1351 19
133 1322 176 1365 sqq.
195 1322 245 1363 qnos
260 1307 314 1347 locos
329 1306 386 1347 affert
399 1320 509 1357 sronnrus,
522 1321 563 1348 non
580 1322 627 1349 rero
640 1322 651 1350 a
664 1308 796 1364 Praepositio-

88 1399 114 1426 ne
132 1385 160 1427 ἐκ,
187 1381 284 1424 Similiter
302 1380 364 1424 Bone.
382 1381 423 1423 XI:
440 1383 459 1432 1,
474 1381 510 1423 nbi
525 1382 618 1427 Verbum
627 1384 669 1437 εἰμι’
681 1398 797 1439 expressum

88 1467 124 1502 est.
154 1458 194 1500 Sed
215 1457 265 1500 baec
285 1457 337 1499 lena
355 1465 407 1500 sunt.
435 1457 514 1500 blnioris
534 1458 629 1514 ponderis
650 1460 739 1516 quaestio
756 1467 795 1510 est,

88 1549 125 1576 eur
145 1547 221 1575 rnunus
240 1533 278 1575 tria
292 1532 388 1586 deinceps
403 1540 511 1574 recenseat.
541 1533 567 1574 Et
580 1534 667 1575 maxime
680 1533 705 1575 lis
718 1535 795 1590 agitur,

85 1618 157 1650 utrum
167 1609 254 1650 alterum
265 1615 286 1647 et
297 1607 381 1646 tertium
394 1605 460 1660 prime
474 1613 554 1647 tontum
569 1606 665 1649 adiecerit
678 1607 703 1649 nd
717 1609 796 1650 confir-

86 1683 183 1725 mandam
197 1680 275 1739 generis
288 1679 360 1731 fidem,
377 1695 402 1723 en
411 1695 459 1722 vero
473 1679 498 1722 ad
511 1680 596 1737 gloriam
603 1682 702 1724 natalium
712 1698 795 1725 suornm

86 1756 256 1814 amplificandam.
286 1755 339 1798 Illud
358 1762 437 1807 antem,
461 1756 517 1812 quod
539 1756 647 1799 defendere
663 1765 746 1800 conatus
767 1767 796 1801 est

87 1848 198 1882 cervinus,
214 1831 280 1888 primo
293 1830 355 1872 babet
371 1830 477 1886 adspectu,
496 1847 537 1888 qno
551 1832 609 1874 rolde
624 1847 645 1874 se
660 1833 795 1875 commendet.

86 1908 126 1950 Sed
138 1906 279 1964 probabilitate
291 1919 326 1947 sua
339 1904 465 1956 destituitur,
476 1905 493 1947 si
505 1906 693 1958 animadvertimus,
702 1907 740 1950 tria
748 1922 796 1963 pro-

87 1984 141 2024 xime
157 1981 225 2039 sequi,
245 1995 297 2038 quae
315 1980 452 2037 singularem
471 1980 598 2032 contineant,
615 1997 626 2025 a
641 1982 712 2024 ceteris
727 1983 795 2025 direr-

87 2073 136 2101 sem.
159 2059 212 2100 Tum
225 2056 304 2099 obstent
316 2055 355 2098 loci
368 2055 442 2099 similes
456 2055 517 2100 Rom.
529 2057 567 2101 XI:
583 2058 602 2101 1.
617 2060 630 2099 2
649 2058 698 2102 Cor.
711 2059 746 2099 XI:
758 2061 793 2109 22,

87 2147 176 2189 quorum
189 2132 211 2174 in
225 2131 287 2173 altero
301 2145 377 2173 nonnos
391 2129 416 2172 de
428 2145 449 2173 se
465 2131 533 2173 dicere
545 2131 634 2174 videtur:
657 2132 732 2175 Natos
748 2148 794 2175 sum

84 2207 207 2258 Israelita,
229 2219 256 2247 ex
276 2206 408 2264 perentibus
432 2206 526 2248 eiusdem
548 2208 655 2265 originis,
676 2209 795 2264 progenies

85 2284 154 2325 tribus
176 2295 304 2333 nnnrnnrmm
326 2282 347 2323 in
362 2281 436 2322 altero:
459 2280 499 2324 Ad
511 2282 620 2323 civitatem
634 2281 793 2325 Isroelz'lcrum

84 2358 213 2416 (adscriptus
226 2370 283 2408 serm,
298 2356 409 2400 Israelita
427 2360 504 2411 notus,
520 2358 685 2415 exprimentibus
699 2360 793 2401 eiusdem

85 2435 188 2492 originis.
217 2434 289 2490 Itaque
305 2447 352 2475 cnm
370 2431 472 2488 plerisque
490 2432 647 2489 Interpretibus,
670 2435 708 2476 nisi
722 2436 794 2486 fallor,

107 2604 131 2649 (t)
149 2607 200 2638 Securi
215 2613 251 2638 sunt
267 2616 327 2640 111111.
345 2605 404 2639 tiron
424 2617 488 2640 corson.
505 2617 570 2640 sonori.
582 2608 609 2642 cll.
622 2618 683 2642 111111.
696 2621 712 2653 p.
724 2609 763 2641 193,
779 2615 795 2640 rt

85 2678 180 2702 nronrrror.
191 2680 206 2712 p,
220 2670 258 2702 372.
