1650 2790
97 61 139 100 266
350 69 393 95 car.
409 54 443 96 lv.
461 68 515 94 vans.
534 55 552 94 l.

99 186 170 237 tesqua
181 180 204 218 a'u
212 176 335 237 profiteare-'o
352 177 439 218 Christo
452 179 508 231 siut,
522 178 647 217 atrociores
662 178 762 218 continuo
782 182 805 221 ιἰι

94 258 177 313 pietate
192 257 213 293 et
228 254 308 292 virtute
322 266 460 309 progressus
468 253 565 309 flaciani.
595 251 628 292 Sic
642 251 697 292 enim
713 252 774 293 rerba
785 256 807 296 ἓν

97 331 126 387 τῷ
140 327 189 386 ἔργῳ
201 330 238 369 τοῦ
250 327 327 381 Kopi'ov
341 326 439 368 sumenda
453 333 509 376 sunt,
523 334 546 367 ut
561 340 608 368 oum
620 326 728 381 Participio
741 343 807 383 πεοισ-

97 401 184 452 οὲύοττες
197 409 353 452 connectantur,
368 416 416 443 cum
428 400 535 445 Adiectivis
548 401 622 458 ἑδραῖοι
638 408 658 442 et
669 400 806 458 ἀμετακίνητοι

99 493 140 519 non
154 478 212 519 item.

128 554 171 594 lam
183 553 290 608 Apostolus
302 551 380 593 blandis
395 551 478 593 vocibus
492 551 593 592 lectorum
608 559 714 607 praeparat
724 550 807 601 animos,

100 636 123 669 ut
143 626 241 668 benevole
259 641 316 669 suam
337 626 437 681 accipiant
456 626 632 669 admonitionem.⁴
656 626 698 668 Neo
724 626 809 682 gratiam

100 711 167 745 tamen
183 701 296 744 simulando
312 708 388 756 capiat,
404 700 449 751 sed,
465 709 489 742 ut
502 700 586 755 simplex
605 708 625 741 et
639 700 733 756 antiquus
747 700 808 742 homo

100 786 140 829 est,
162 784 232 833 pectus
252 777 339 832 explieat
360 776 447 818 caritatis
466 776 562 832 plenum,
590 789 630 832 qua
654 773 808 833 Philippenses

101 853 249 909 complectitur.
279 852 333 893 Hine
351 852 461 893 verborum
479 851 589 894 cumulatio
605 851 696 907 adeoque
716 851 809 894 orationis

103 928 198 985 gradatio⁴
229 927 322 967 Primum
343 927 477 982 appellatione
497 926 584 968 maxime
599 927 726 982 frequentata
746 927 810 968 utitur

101 1002 186 1057 dilatator*
204 1018 254 1053 μου,
266 1002 357 1058 fi'olres
378 1003 431 1053 mei,
451 1008 557 1042 sectatores
574 1015 657 1043 onursur
676 1003 701 1043 ah
717 1001 760 1043 aliis
774 1002 811 1043 di-

100 1076 211 1133 stinguens.
242 1077 294 1117 Tum
308 1075 437 1131 appellationi
450 1075 480 1116 illi
492 1076 582 1116 multum
596 1076 698 1119 suavitatis
710 1076 812 1133 adspergit

101 1151 220 1193 scribendo:
242 1150 339 1206 ἀγαπητοὶ
354 1150 386 1191 καὶ
398 1146 528 1205 ἐπιπόθητοι,
547 1150 568 1191 id
588 1159 629 1202 est,
653 1166 705 1208 quos
726 1167 774 1193 omo
792 1157 813 1193 et

102 1228 214 1269 corzoem're
227 1225 332 1266 ardenter
345 1226 407 1282 copto
422 1222 460 1281 (l)
491 1225 619 1279 Postremum
635 1226 706 1282 quanti
720 1226 813 1284 Paiop-

102 1315 179 1359 penses
201 1299 284 1350 habeat,
308 1298 346 1340 liae
367 1313 438 1340 eorum
460 1298 549 1341 declarat
566 1300 691 1343 laudatione:
707 1301 762 1359 χοροὶ
781 1304 814 1344 καὶ

105 1372 201 1432 οτι-’φανός
215 1392 268 1428 μου,
287 1389 340 1430 quae
353 1374 414 1416 verba
431 1373 467 1429 qui
479 1373 639 1430 interpretantur
652 1391 700 1418 cum
713 1385 814 1419 rausero:

105 1451 194 1493 Peroos
210 1452 233 1489 ιἰι
244 1452 362 1508 praesenti
372 1448 479 1504 loctficor
488 1455 509 1490 et
522 1451 546 1490 τίι
554 1442 635 1507 futuro
647 1452 771 1506 coronabor,
778 1467 814 1493 au-

106 1534 183 1568 ctorem
202 1525 240 1565 sibi
250 1525 322 1581 ¹magis
336 1531 453 1579 proponunt
469 1524 569 1565 subtiliter
586 1524 732 1581 disputantem,
753 1541 814 1582 quam

105 1600 192 1643 ardentis
213 1600 276 1641 animi
290 1614 358 1641 sensns
374 1597 524 1640 enunciantem.
554 1599 701 1651 Gaurananrus,
718 1608 737 1641 et
752 1616 814 1642 nemo

65 1669 68 1673 Δ
105 1675 188 1725 melius,
207 1672 260 1716 lianc
277 1671 370 1716 σύνθεσιν
388 1687 429 1713 esse
442 1680 511 1713 monet
523 1675 668 1731 μεταφορικήι,
684 1684 725 1731 qna
738 1691 813 1717 ritanus

107 1751 175 1792 dicere
188 1748 246 1790 uelit:
261 1747 294 1804 ἐφ’
309 1743 338 1795 οἷς
350 1746 413 1803 χοίρου
431 1747 464 1787 καὶ
479 1737 596 1801 epitumo
613 1747 645 1805 ἐφ’
661 1744 689 1799 οἷς
704 1748 769 1806 papeia
784 1751 816 1792 aci

106 1824 184 1868 ἔπαινον
201 1822 257 1877 ἔχοι
275 1822 344 1863 Latine
361 1820 473 1875 scripseris:
487 1823 528 1878 qui
537 1822 622 1880 gaudio
635 1824 689 1865 miti
702 1830 723 1865 et
727 1826 817 1882 gloriae

106 1902 166 1941 estis.
197 1897 288 1939 Eandem
301 1896 416 1947 notionem,
432 1903 456 1937 ut
469 1904 539 1937 monet
553 1912 655 1949 onorius,
671 1914 709 1941 vox
722 1898 818 1957 στέφανος

108 1974 168 2016 habet
190 1972 235 2014 Ios.
253 1973 311 2014 XIX:
335 1974 355 2013 9.
376 1970 578 2034 Prov3XVlIf6,
599 1974 635 2014 uhi
652 1988 696 2015 eam
718 1974 819 2029 explicant

109 2047 158 2099 δόξιι
172 2056 192 2089 et
205 2045 306 2103 κου’χημιι,
332 2046 440 2102 Proprium
454 2054 523 2088 autem
535 2054 555 2087 et
567 2046 678 2104 figuratum
686 2048 818 2105 comprehen-

109 2124 185 2166 duntur
197 2122 264 2164 Pron.
278 2122 335 2166 XVI:
351 2124 385 2164 31.
403 2124 413 2161 1
428 2121 476 2164 Pet.
490 2122 518 2166 V:
536 2124 560 2173 4,
573 2123 622 2164 item
636 2125 646 2164 1
664 2123 737 2166 Thess.
748 2124 818 2174 11:19,

110 2202 151 2250 20,
172 2213 233 2254 quem
253 2199 322 2239 locum
341 2197 385 2238 inre
405 2197 518 2252 meritoque
536 2197 659 2253 interpretes
678 2213 730 2253 prae
748 2199 819 2240 ceteris

109 2273 222 2330 comparari
233 2273 311 2316 iubent.
327 2272 367 2314 Sed
377 2271 417 2313 duo
431 2272 554 2315 observanda
564 2281 622 2315 sunt:
632 2274 693 2316 rerba
701 2273 759 2331 ἡμῶν
765 2271 820 2330 χαρά

108 2347 233 2406 ἢοτέςοιιιος
247 2345 361 2404 καυχήσεως
380 2346 409 2387 ibi
424 2346 532 2403 restringi,
550 2355 570 2389 et
586 2347 669 2404 quidem
689 2349 819 2405 sequentibus

133 2531 159 2575 (1)
177 2532 252 2564 Similiter
269 2544 303 2564 cum
320 2540 374 2563 onorio
391 2532 474 2576 multisque
486 2530 580 2564 aliisverba
591 2532 701 2575 iuterpretatur
713 2537 818 2571 ursinianus,

111 2596 138 2637 qui
154 2606 170 2626 se
187 2601 229 2626 recte
245 2606 306 2638 quoqne
324 2595 387 2636 opponit
404 2603 497 2624 narrtnraflsrt
512 2594 591 2636 opinioni,
609 2593 689 2625 Adiectiva
702 2594 793 2636 ἀγαπητοί
805 2596 820 2621 el

111 2657 222 2701 ἐπιπόθητοι
234 2668 264 2688 esse
276 2658 370 2698 Spuouyma.
381 2655 410 2687 Cli,
424 2655 500 2698 disputata
512 2653 530 2685 ad
543 2665 575 2696 cap.
588 2655 601 2687 t
614 2667 637 2686 vs.
650 2655 666 2687 8.
