<?xml version="1.0" encoding="UTF-8"?>
<!DOCTYPE html PUBLIC "-//W3C//DTD XHTML 1.0 Transitional//EN"
    "http://www.w3.org/TR/xhtml1/DTD/xhtml1-transitional.dtd">
<html xmlns="http://www.w3.org/1999/xhtml" xml:lang="en" lang="en">
 <head>
  <title>
</title>
<meta http-equiv="Content-Type" content="text/html;charset=utf-8" />
  <meta name='ocr-system' content='tesseract 3.04.00' />
  <meta name='ocr-capabilities' content='ocr_page ocr_carea ocr_par ocr_line ocrx_word'/>
</head>
<body>
  <div class='ocr_page' id='page_1' title='image "./MN41518ucmf_1_0167.png"; bbox 0 0 1650 2790; ppageno 0'>
   <div class='ocr_carea' id='block_1_1' title="bbox 297 33 748 78">
    <p class='ocr_par' dir='ltr' id='par_1_1' title="bbox 297 33 748 78">
     <span class='ocr_line' id='line_1_1' title="bbox 297 33 748 78; baseline 0.009 -4"><span class='ocrx_word' id='word_1_1' title='bbox 297 47 341 76; x_wconf 73' lang='lat' dir='ltr'>err.</span> <span class='ocrx_word' id='word_1_2' title='bbox 357 33 383 76; x_wconf 92' lang='lat' dir='ltr'>ll.</span> <span class='ocrx_word' id='word_1_3' title='bbox 399 48 455 77; x_wconf 78' lang='lat' dir='ltr'>runs.</span> <span class='ocrx_word' id='word_1_4' title='bbox 472 37 492 77; x_wconf 80' lang='grc'>6.</span> <span class='ocrx_word' id='word_1_5' title='bbox 707 37 748 78; x_wconf 81' lang='lat'>143</span> 
     </span>
    </p>
   </div>
   <div class='ocr_carea' id='block_1_2' title="bbox 37 155 802 1862">
    <p class='ocr_par' dir='ltr' id='par_1_2' title="bbox 37 155 802 1038">
     <span class='ocr_line' id='line_1_2' title="bbox 37 155 749 214; baseline -0.004 -13"><span class='ocrx_word' id='word_1_6' title='bbox 37 157 77 201; x_wconf 89' lang='lat' dir='ltr'>Sed</span> <span class='ocrx_word' id='word_1_7' title='bbox 95 155 184 197; x_wconf 79' lang='lat' dir='ltr'>sexcenti</span> <span class='ocrx_word' id='word_1_8' title='bbox 201 163 248 197; x_wconf 88' lang='lat' dir='ltr'>sunt</span> <span class='ocrx_word' id='word_1_9' title='bbox 264 155 304 197; x_wconf 87' lang='lat' dir='ltr'>loci</span> <span class='ocrx_word' id='word_1_10' title='bbox 317 155 402 207; x_wconf 84' lang='lat' dir='ltr'><strong>similes,</strong></span> <span class='ocrx_word' id='word_1_11' title='bbox 417 164 459 199; x_wconf 82' lang='lat' dir='ltr'>tum</span> <span class='ocrx_word' id='word_1_12' title='bbox 471 157 526 213; x_wconf 82' lang='lat' dir='ltr'>apud</span> <span class='ocrx_word' id='word_1_13' title='bbox 540 158 653 214; x_wconf 76' lang='lat' dir='ltr'>Scriptores</span> <span class='ocrx_word' id='word_1_14' title='bbox 667 157 749 207; x_wconf 81' lang='lat' dir='ltr'>Sacros,</span> 
     </span>
     <span class='ocr_line' id='line_1_3' title="bbox 37 228 749 289; baseline -0.001 -16"><span class='ocrx_word' id='word_1_15' title='bbox 37 245 99 289; x_wconf 77' lang='lat' dir='ltr'>quem</span> <span class='ocrx_word' id='word_1_16' title='bbox 120 237 197 271; x_wconf 84' lang='lat' dir='ltr'>exteros</span> <span class='ocrx_word' id='word_1_17' title='bbox 218 228 257 287; x_wconf 86' lang='lat'><strong>(1).</strong></span> <span class='ocrx_word' id='word_1_18' title='bbox 287 230 341 287; x_wconf 81' lang='lat' dir='ltr'>Ergo</span> <span class='ocrx_word' id='word_1_19' title='bbox 361 245 437 273; x_wconf 78' lang='lat' dir='ltr'>nsunus</span> <span class='ocrx_word' id='word_1_20' title='bbox 457 231 495 273; x_wconf 90' lang='lat' dir='ltr'>sihi</span> <span class='ocrx_word' id='word_1_21' title='bbox 515 233 567 286; x_wconf 79' lang='lat' dir='ltr'>velle</span> <span class='ocrx_word' id='word_1_22' title='bbox 589 231 679 274; x_wconf 84' lang='lat' dir='ltr'>videtur:</span> <span class='ocrx_word' id='word_1_23' title='bbox 697 233 749 288; x_wconf 79' lang='lat' dir='ltr'>qui,</span> 
     </span>
     <span class='ocr_line' id='line_1_4' title="bbox 37 305 750 366; baseline -0.001 -17"><span class='ocrx_word' id='word_1_24' title='bbox 37 307 136 366; x_wconf 68' lang='lat' dir='ltr'>peremnis</span> <span class='ocrx_word' id='word_1_25' title='bbox 156 308 180 347; x_wconf 82' lang='lat' dir='ltr'>r&#39;n</span> <span class='ocrx_word' id='word_1_26' title='bbox 199 306 298 363; x_wconf 76' lang='lat' dir='ltr'><em>imagine</em></span> <span class='ocrx_word' id='word_1_27' title='bbox 312 305 356 348; x_wconf 75' lang='lat' dir='ltr'>Ber</span> <span class='ocrx_word' id='word_1_28' title='bbox 370 305 420 365; x_wconf 86' lang='lat' dir='ltr'>(non</span> <span class='ocrx_word' id='word_1_29' title='bbox 426 308 520 364; x_wconf 78' lang='lat' dir='ltr'>fuerat,</span> <span class='ocrx_word' id='word_1_30' title='bbox 532 307 597 349; x_wconf 91' lang='lat' dir='ltr'>multo</span> <span class='ocrx_word' id='word_1_31' title='bbox 611 307 679 349; x_wconf 90' lang='lat' dir='ltr'>minus</span> <span class='ocrx_word' id='word_1_32' title='bbox 686 307 750 364; x_wconf 79' lang='lat' dir='ltr'>feis-</span> 
     </span>
     <span class='ocr_line' id='line_1_5' title="bbox 37 380 751 439; baseline -0.003 -14"><span class='ocrx_word' id='word_1_33' title='bbox 37 387 79 432; x_wconf 83' lang='lat' dir='ltr'>set,</span> <span class='ocrx_word' id='word_1_34' title='bbox 94 388 118 422; x_wconf 85' lang='lat' dir='ltr'>ut</span> <span class='ocrx_word' id='word_1_35' title='bbox 134 381 258 436; x_wconf 86' lang='lat' dir='ltr'>seripserunt</span> <span class='ocrx_word' id='word_1_36' title='bbox 272 382 376 434; x_wconf 85' lang='lat' dir='ltr'>nonnulli,</span> <span class='ocrx_word' id='word_1_37' title='bbox 393 383 487 439; x_wconf 81' lang='lat' dir='ltr'>neglecta</span> <span class='ocrx_word' id='word_1_38' title='bbox 505 382 634 437; x_wconf 77' lang='lat' dir='ltr'>copulatione</span> <span class='ocrx_word' id='word_1_39' title='bbox 646 380 751 439; x_wconf 79' lang='lat' dir='ltr'>Perticipii</span> 
     </span>
     <span class='ocr_line' id='line_1_6' title="bbox 37 453 751 513; baseline 0.001 -14"><span class='ocrx_word' id='word_1_40' title='bbox 37 455 153 511; x_wconf 77' lang='lat' dir='ltr'>imperfecti</span> <span class='ocrx_word' id='word_1_41' title='bbox 167 453 265 513; x_wconf 68' lang='grc' dir='ltr'><em>ὑπάρχων</em></span> <span class='ocrx_word' id='word_1_42' title='bbox 282 472 330 499; x_wconf 92' lang='lat' dir='ltr'>cum</span> <span class='ocrx_word' id='word_1_43' title='bbox 348 458 460 500; x_wconf 80' lang='lat' dir='ltr'>Indientiro</span> <span class='ocrx_word' id='word_1_44' title='bbox 473 457 576 513; x_wconf 75' lang='grc' dir='ltr'>ἡγήσατο,</span> <span class='ocrx_word' id='word_1_45' title='bbox 594 455 637 512; x_wconf 86' lang='lat' dir='ltr'>sed)</span> <span class='ocrx_word' id='word_1_46' title='bbox 652 463 713 509; x_wconf 80' lang='lat' dir='ltr'>erat,</span> <span class='ocrx_word' id='word_1_47' title='bbox 729 458 751 501; x_wconf 92' lang='lat' dir='ltr'>id</span> 
     </span>
     <span class='ocr_line' id='line_1_7' title="bbox 38 529 750 591; baseline 0.001 -17"><span class='ocrx_word' id='word_1_48' title='bbox 38 539 76 582; x_wconf 83' lang='lat' dir='ltr'>est,</span> <span class='ocrx_word' id='word_1_49' title='bbox 94 534 191 589; x_wconf 65' lang='lat' dir='ltr'>quesnois</span> <span class='ocrx_word' id='word_1_50' title='bbox 204 534 322 591; x_wconf 72' lang='lat' dir='ltr'>elireginem</span> <span class='ocrx_word' id='word_1_51' title='bbox 335 532 381 575; x_wconf 81' lang='lat' dir='ltr'>Dez&#39;</span> <span class='ocrx_word' id='word_1_52' title='bbox 393 532 502 590; x_wconf 79' lang='lat' dir='ltr'>referebat</span> <span class='ocrx_word' id='word_1_53' title='bbox 519 529 557 589; x_wconf 84' lang='lat'>(2).</span> <span class='ocrx_word' id='word_1_54' title='bbox 588 531 705 574; x_wconf 78' lang='lat' dir='ltr'>Cuiusmodi</span> <span class='ocrx_word' id='word_1_55' title='bbox 718 534 750 575; x_wconf 89' lang='lat' dir='ltr'>in-</span> 
     </span>
     <span class='ocr_line' id='line_1_8' title="bbox 40 606 750 663; baseline 0.004 -16"><span class='ocrx_word' id='word_1_56' title='bbox 40 607 202 662; x_wconf 76' lang='lat' dir='ltr'>terpretationem</span> <span class='ocrx_word' id='word_1_57' title='bbox 216 615 239 649; x_wconf 85' lang='lat' dir='ltr'>ut</span> <span class='ocrx_word' id='word_1_58' title='bbox 250 607 357 663; x_wconf 82' lang='lat' dir='ltr'>probaret,</span> <span class='ocrx_word' id='word_1_59' title='bbox 372 614 427 649; x_wconf 87' lang='lat' dir='ltr'>reete</span> <span class='ocrx_word' id='word_1_60' title='bbox 438 621 520 649; x_wconf 75' lang='lat' dir='ltr'>unimus</span> <span class='ocrx_word' id='word_1_61' title='bbox 534 606 628 650; x_wconf 79' lang='lat' dir='ltr'>excitavit</span> <span class='ocrx_word' id='word_1_62' title='bbox 636 606 697 650; x_wconf 74' lang='lat' dir='ltr'>Plrz&#39;l⁴</span> <span class='ocrx_word' id='word_1_63' title='bbox 710 608 750 650; x_wconf 85' lang='lat' dir='ltr'>HI:</span> 
     </span>
     <span class='ocr_line' id='line_1_9' title="bbox 38 671 752 738; baseline 0 -15"><span class='ocrx_word' id='word_1_64' title='bbox 38 683 73 732; x_wconf 84' lang='grc'>21,</span> <span class='ocrx_word' id='word_1_65' title='bbox 81 671 132 723; x_wconf 87' lang='lat' dir='ltr'>item</span> <span class='ocrx_word' id='word_1_66' title='bbox 141 680 186 725; x_wconf 83' lang='lat' dir='ltr'>Col.</span> <span class='ocrx_word' id='word_1_67' title='bbox 199 682 219 722; x_wconf 93' lang='lat' dir='ltr'>I:</span> <span class='ocrx_word' id='word_1_68' title='bbox 232 684 265 723; x_wconf 85' lang='lat'>15.</span> <span class='ocrx_word' id='word_1_69' title='bbox 280 680 374 724; x_wconf 65' lang='lat' dir='ltr'>trebel:</span> <span class='ocrx_word' id='word_1_70' title='bbox 384 685 403 725; x_wconf 82' lang='lat'>3.</span> <span class='ocrx_word' id='word_1_71' title='bbox 419 682 491 738; x_wconf 88' lang='lat' dir='ltr'>Neque</span> <span class='ocrx_word' id='word_1_72' title='bbox 504 681 640 723; x_wconf 84' lang='lat' dir='ltr'>omittendum</span> <span class='ocrx_word' id='word_1_73' title='bbox 650 689 679 724; x_wconf 87' lang='lat' dir='ltr'>est</span> <span class='ocrx_word' id='word_1_74' title='bbox 690 682 752 737; x_wconf 88' lang='lat' dir='ltr'>ipsius</span> 
     </span>
     <span class='ocr_line' id='line_1_10' title="bbox 37 755 802 807; baseline 0.001 -11"><span class='ocrx_word' id='word_1_75' title='bbox 37 771 81 798; x_wconf 86' lang='lat' dir='ltr'>msu</span> <span class='ocrx_word' id='word_1_76' title='bbox 99 756 181 798; x_wconf 79' lang='lat' dir='ltr'>effetum</span> <span class='ocrx_word' id='word_1_77' title='bbox 199 755 277 798; x_wconf 73' lang='lat' dir='ltr'>Ionon.</span> <span class='ocrx_word' id='word_1_78' title='bbox 290 757 349 801; x_wconf 83' lang='lat' dir='ltr'>XIV:</span> <span class='ocrx_word' id='word_1_79' title='bbox 368 760 388 800; x_wconf 82' lang='lat'>9.</span> <span class='ocrx_word' id='word_1_80' title='bbox 417 757 468 799; x_wconf 82' lang='lat' dir='ltr'>Utro</span> <span class='ocrx_word' id='word_1_81' title='bbox 485 770 533 797; x_wconf 83' lang='lat' dir='ltr'>vero</span> <span class='ocrx_word' id='word_1_82' title='bbox 546 757 638 799; x_wconf 80' lang='lat' dir='ltr'>maiestas</span> <span class='ocrx_word' id='word_1_83' title='bbox 654 770 751 807; x_wconf 76' lang='lat' dir='ltr'>crinism,</span> <span class='ocrx_word' id='word_1_84' title='bbox 790 758 802 770; x_wconf 87' lang='grc'>”</span> 
     </span>
     <span class='ocr_line' id='line_1_11' title="bbox 38 831 752 886; baseline -0.001 -13"><span class='ocrx_word' id='word_1_85' title='bbox 38 838 95 881; x_wconf 76' lang='lat' dir='ltr'>anre,</span> <span class='ocrx_word' id='word_1_86' title='bbox 110 846 136 872; x_wconf 82' lang='lat' dir='ltr'>un</span> <span class='ocrx_word' id='word_1_87' title='bbox 149 838 194 886; x_wconf 88' lang='lat' dir='ltr'>post</span> <span class='ocrx_word' id='word_1_88' title='bbox 208 831 319 875; x_wconf 78' lang='lat' dir='ltr'>adventum</span> <span class='ocrx_word' id='word_1_89' title='bbox 332 832 354 873; x_wconf 91' lang='lat' dir='ltr'>in</span> <span class='ocrx_word' id='word_1_90' title='bbox 370 831 427 873; x_wconf 86' lang='lat' dir='ltr'>huno</span> <span class='ocrx_word' id='word_1_91' title='bbox 441 840 543 873; x_wconf 81' lang='lat' dir='ltr'>terrerum</span> <span class='ocrx_word' id='word_1_92' title='bbox 557 832 628 873; x_wconf 86' lang='lat' dir='ltr'>orbem</span> <span class='ocrx_word' id='word_1_93' title='bbox 643 831 686 874; x_wconf 89' lang='lat' dir='ltr'>eius</span> <span class='ocrx_word' id='word_1_94' title='bbox 704 846 752 886; x_wconf 88' lang='lat' dir='ltr'>pro-</span> 
     </span>
     <span class='ocr_line' id='line_1_12' title="bbox 38 905 752 966; baseline 0.001 -20"><span class='ocrx_word' id='word_1_95' title='bbox 38 906 92 962; x_wconf 78' lang='lat' dir='ltr'>prio,</span> <span class='ocrx_word' id='word_1_96' title='bbox 109 921 121 948; x_wconf 80' lang='lat' dir='ltr'><strong>a</strong></span> <span class='ocrx_word' id='word_1_97' title='bbox 140 920 207 948; x_wconf 71' lang='lat' dir='ltr'>niuno</span> <span class='ocrx_word' id='word_1_98' title='bbox 223 905 304 949; x_wconf 74' lang='lat' dir='ltr'>laudata</span> <span class='ocrx_word' id='word_1_99' title='bbox 318 907 354 958; x_wconf 78' lang='lat' dir='ltr'>sit,</span> <span class='ocrx_word' id='word_1_100' title='bbox 371 922 394 950; x_wconf 84' lang='lat' dir='ltr'>ex</span> <span class='ocrx_word' id='word_1_101' title='bbox 409 907 500 949; x_wconf 81' lang='lat' dir='ltr'>cretione</span> <span class='ocrx_word' id='word_1_102' title='bbox 513 906 603 948; x_wconf 75' lang='lat' dir='ltr'>maxime</span> <span class='ocrx_word' id='word_1_103' title='bbox 614 907 708 966; x_wconf 81' lang='lat' dir='ltr'>sequenti</span> <span class='ocrx_word' id='word_1_104' title='bbox 720 907 752 948; x_wconf 92' lang='lat' dir='ltr'>in-</span> 
     </span>
     <span class='ocr_line' id='line_1_13' title="bbox 39 981 159 1038; baseline 0.017 -16"><span class='ocrx_word' id='word_1_105' title='bbox 39 981 159 1038; x_wconf 79' lang='lat' dir='ltr'>telligemus</span> 
     </span>
    </p>

    <p class='ocr_par' dir='ltr' id='par_1_3' title="bbox 37 1054 756 1862">
     <span class='ocr_line' id='line_1_14' title="bbox 66 1054 752 1115; baseline 0 -18"><span class='ocrx_word' id='word_1_106' title='bbox 66 1056 163 1113; x_wconf 80' lang='lat' dir='ltr'>Sequitur</span> <span class='ocrx_word' id='word_1_107' title='bbox 176 1057 249 1113; x_wconf 80' lang='lat' dir='ltr'>igitur:</span> <span class='ocrx_word' id='word_1_108' title='bbox 269 1056 316 1111; x_wconf 73' lang='grc' dir='ltr'>Οὐχ</span> <span class='ocrx_word' id='word_1_109' title='bbox 334 1054 439 1112; x_wconf 69' lang='grc' dir='ltr'>ἁρπαγμόν</span> <span class='ocrx_word' id='word_1_110' title='bbox 451 1055 540 1113; x_wconf 73' lang='grc' dir='ltr'><em>ἡγήσατο</em></span> <span class='ocrx_word' id='word_1_111' title='bbox 552 1055 576 1099; x_wconf 76' lang='lat' dir='ltr'>erl</span> <span class='ocrx_word' id='word_1_112' title='bbox 588 1054 637 1099; x_wconf 75' lang='grc' dir='ltr'><em>εἶναι</em></span> <span class='ocrx_word' id='word_1_113' title='bbox 652 1054 687 1098; x_wconf 74' lang='grc' dir='ltr'>ἶσα</span> <span class='ocrx_word' id='word_1_114' title='bbox 699 1057 752 1115; x_wconf 66' lang='grc' dir='ltr'>Θεῷ,</span> 
     </span>
     <span class='ocr_line' id='line_1_15' title="bbox 38 1130 751 1186; baseline 0.001 -14"><span class='ocrx_word' id='word_1_115' title='bbox 38 1132 132 1184; x_wconf 80' lang='lat' dir='ltr'>Quorum</span> <span class='ocrx_word' id='word_1_116' title='bbox 143 1132 213 1186; x_wconf 82' lang='lat' dir='ltr'>priora</span> <span class='ocrx_word' id='word_1_117' title='bbox 227 1146 275 1173; x_wconf 89' lang='lat' dir='ltr'>cum</span> <span class='ocrx_word' id='word_1_118' title='bbox 287 1132 431 1186; x_wconf 81' lang='lat' dir='ltr'>posterioribus</span> <span class='ocrx_word' id='word_1_119' title='bbox 445 1131 559 1173; x_wconf 82' lang='lat' dir='ltr'>difficiliora</span> <span class='ocrx_word' id='word_1_120' title='bbox 573 1132 623 1181; x_wconf 88' lang='lat' dir='ltr'>sint,</span> <span class='ocrx_word' id='word_1_121' title='bbox 636 1130 751 1181; x_wconf 76' lang='lat' dir='ltr'>rideamus,</span> 
     </span>
     <span class='ocr_line' id='line_1_16' title="bbox 37 1205 753 1263; baseline -0.001 -15"><span class='ocrx_word' id='word_1_122' title='bbox 37 1221 64 1248; x_wconf 81' lang='lat' dir='ltr'>en</span> <span class='ocrx_word' id='word_1_123' title='bbox 76 1205 107 1248; x_wconf 89' lang='lat' dir='ltr'>his</span> <span class='ocrx_word' id='word_1_124' title='bbox 119 1206 149 1247; x_wconf 89' lang='lat' dir='ltr'>uti</span> <span class='ocrx_word' id='word_1_125' title='bbox 161 1206 261 1262; x_wconf 88' lang='lat' dir='ltr'>possimus</span> <span class='ocrx_word' id='word_1_126' title='bbox 273 1205 299 1248; x_wconf 85' lang='lat' dir='ltr'>od</span> <span class='ocrx_word' id='word_1_127' title='bbox 311 1207 380 1248; x_wconf 88' lang='lat' dir='ltr'>lucem</span> <span class='ocrx_word' id='word_1_128' title='bbox 392 1206 432 1248; x_wconf 87' lang='lat' dir='ltr'>illis</span> <span class='ocrx_word' id='word_1_129' title='bbox 445 1206 575 1249; x_wconf 80' lang='lat' dir='ltr'>efferendam.</span> <span class='ocrx_word' id='word_1_130' title='bbox 606 1205 702 1263; x_wconf 78' lang='lat' dir='ltr'>Vulgnris</span> <span class='ocrx_word' id='word_1_131' title='bbox 718 1207 753 1247; x_wconf 80' lang='lat' dir='ltr'>ln-</span> 
     </span>
     <span class='ocr_line' id='line_1_17' title="bbox 39 1277 754 1341; baseline 0.001 -20"><span class='ocrx_word' id='word_1_132' title='bbox 39 1288 151 1335; x_wconf 89' lang='lat' dir='ltr'>terpretum</span> <span class='ocrx_word' id='word_1_133' title='bbox 163 1281 261 1323; x_wconf 83' lang='lat' dir='ltr'>sententia</span> <span class='ocrx_word' id='word_1_134' title='bbox 275 1289 313 1333; x_wconf 80' lang='lat' dir='ltr'>est,</span> <span class='ocrx_word' id='word_1_135' title='bbox 327 1281 425 1323; x_wconf 84' lang='lat' dir='ltr'>formulas</span> <span class='ocrx_word' id='word_1_136' title='bbox 438 1284 460 1324; x_wconf 82' lang='grc' dir='ltr'>ἒν</span> <span class='ocrx_word' id='word_1_137' title='bbox 473 1285 545 1341; x_wconf 74' lang='grc' dir='ltr'><em>μορφῇ</em></span> <span class='ocrx_word' id='word_1_138' title='bbox 558 1282 612 1324; x_wconf 74' lang='grc' dir='ltr'>Θεοῦ</span> <span class='ocrx_word' id='word_1_139' title='bbox 623 1277 721 1338; x_wconf 72' lang='grc' dir='ltr'>ὑπάρχειν</span> <span class='ocrx_word' id='word_1_140' title='bbox 734 1288 754 1322; x_wconf 90' lang='lat' dir='ltr'>et</span> 
     </span>
     <span class='ocr_line' id='line_1_18' title="bbox 37 1354 753 1416; baseline -0.001 -18"><span class='ocrx_word' id='word_1_141' title='bbox 37 1354 86 1398; x_wconf 71' lang='grc' dir='ltr'>εἶναι</span> <span class='ocrx_word' id='word_1_142' title='bbox 98 1354 133 1399; x_wconf 81' lang='grc' dir='ltr'>ἶσα</span> <span class='ocrx_word' id='word_1_143' title='bbox 146 1357 202 1416; x_wconf 74' lang='grc' dir='ltr'>Θεῷ,</span> <span class='ocrx_word' id='word_1_144' title='bbox 216 1356 292 1412; x_wconf 83' lang='lat' dir='ltr'>quippe</span> <span class='ocrx_word' id='word_1_145' title='bbox 309 1355 381 1398; x_wconf 86' lang='lat' dir='ltr'>eodem</span> <span class='ocrx_word' id='word_1_146' title='bbox 394 1355 583 1407; x_wconf 48' lang='grc' dir='ltr'>1»ε111111111εε,“1111θ1</span> <span class='ocrx_word' id='word_1_147' title='bbox 596 1370 617 1396; x_wconf 88' lang='lat' dir='ltr'>se</span> <span class='ocrx_word' id='word_1_148' title='bbox 630 1355 753 1410; x_wconf 82' lang='lat' dir='ltr'>permutari:</span> 
     </span>
     <span class='ocr_line' id='line_1_19' title="bbox 39 1430 753 1486; baseline 0 -14"><span class='ocrx_word' id='word_1_149' title='bbox 39 1431 94 1486; x_wconf 83' lang='lat' dir='ltr'>quod</span> <span class='ocrx_word' id='word_1_150' title='bbox 112 1430 173 1472; x_wconf 77' lang='lat' dir='ltr'>etiam</span> <span class='ocrx_word' id='word_1_151' title='bbox 194 1430 231 1472; x_wconf 86' lang='lat' dir='ltr'>sihi</span> <span class='ocrx_word' id='word_1_152' title='bbox 243 1432 325 1486; x_wconf 78' lang='lat' dir='ltr'>placere</span> <span class='ocrx_word' id='word_1_153' title='bbox 340 1431 578 1482; x_wconf 60' lang='lat' dir='ltr'>nestorianismos,</span> <span class='ocrx_word' id='word_1_154' title='bbox 592 1444 753 1480; x_wconf 66' lang='lat' dir='ltr'>prorupimus,</span> 
     </span>
     <span class='ocr_line' id='line_1_20' title="bbox 39 1504 755 1563; baseline 0 -17"><span class='ocrx_word' id='word_1_155' title='bbox 39 1520 181 1548; x_wconf 79' lang='lat' dir='ltr'>omrrnmsrus.</span> <span class='ocrx_word' id='word_1_156' title='bbox 204 1505 332 1563; x_wconf 73' lang='lat' dir='ltr'>Argumenta</span> <span class='ocrx_word' id='word_1_157' title='bbox 343 1521 403 1558; x_wconf 81' lang='lat' dir='ltr'>rere,</span> <span class='ocrx_word' id='word_1_158' title='bbox 416 1507 490 1563; x_wconf 90' lang='lat' dir='ltr'>quibus</span> <span class='ocrx_word' id='word_1_159' title='bbox 502 1506 542 1549; x_wconf 89' lang='lat' dir='ltr'>hoe</span> <span class='ocrx_word' id='word_1_160' title='bbox 552 1507 684 1561; x_wconf 81' lang='lat' dir='ltr'>probaretur,</span> <span class='ocrx_word' id='word_1_161' title='bbox 698 1504 755 1549; x_wconf 80' lang='lat' dir='ltr'>haud</span> 
     </span>
     <span class='ocr_line' id='line_1_21' title="bbox 39 1579 755 1638; baseline 0 -17"><span class='ocrx_word' id='word_1_162' title='bbox 39 1580 80 1622; x_wconf 88' lang='lat' dir='ltr'>scio</span> <span class='ocrx_word' id='word_1_163' title='bbox 101 1595 188 1637; x_wconf 80' lang='lat' dir='ltr'>usquam</span> <span class='ocrx_word' id='word_1_164' title='bbox 207 1587 303 1637; x_wconf 78' lang='lat' dir='ltr'>usurpate</span> <span class='ocrx_word' id='word_1_165' title='bbox 321 1596 373 1633; x_wconf 83' lang='lat' dir='ltr'>esse,</span> <span class='ocrx_word' id='word_1_166' title='bbox 393 1591 473 1638; x_wconf 82' lang='lat' dir='ltr'>praeter</span> <span class='ocrx_word' id='word_1_167' title='bbox 494 1596 560 1624; x_wconf 89' lang='lat' dir='ltr'>unum</span> <span class='ocrx_word' id='word_1_168' title='bbox 579 1580 642 1631; x_wconf 85' lang='lat' dir='ltr'>illud,</span> <span class='ocrx_word' id='word_1_169' title='bbox 660 1579 716 1637; x_wconf 83' lang='lat' dir='ltr'>quod</span> <span class='ocrx_word' id='word_1_170' title='bbox 731 1596 755 1622; x_wconf 78' lang='lat' dir='ltr'>en</span> 
     </span>
     <span class='ocr_line' id='line_1_22' title="bbox 40 1644 756 1712; baseline 0.001 -16"><span class='ocrx_word' id='word_1_171' title='bbox 40 1656 83 1711; x_wconf 77' lang='lat' dir='ltr'>ipse</span> <span class='ocrx_word' id='word_1_172' title='bbox 95 1671 155 1697; x_wconf 82' lang='lat' dir='ltr'>mum</span> <span class='ocrx_word' id='word_1_173' title='bbox 169 1656 260 1698; x_wconf 78' lang='lat' dir='ltr'>oratione</span> <span class='ocrx_word' id='word_1_174' title='bbox 274 1656 385 1711; x_wconf 82' lang='lat' dir='ltr'>petierunt.</span> <span class='ocrx_word' id='word_1_175' title='bbox 408 1657 435 1699; x_wconf 82' lang='lat' dir='ltr'>At</span> <span class='ocrx_word' id='word_1_176' title='bbox 448 1672 495 1699; x_wconf 82' lang='lat' dir='ltr'>vero</span> <span class='ocrx_word' id='word_1_177' title='bbox 507 1644 558 1699; x_wconf 78' lang='lat' dir='ltr'>haec</span> <span class='ocrx_word' id='word_1_178' title='bbox 571 1656 634 1699; x_wconf 77' lang='lat' dir='ltr'>oratio</span> <span class='ocrx_word' id='word_1_179' title='bbox 648 1655 756 1712; x_wconf 88' lang='lat' dir='ltr'>utriusque</span> 
     </span>
     <span class='ocr_line' id='line_1_23' title="bbox 39 1730 756 1788; baseline 0.003 -17"><span class='ocrx_word' id='word_1_180' title='bbox 39 1731 140 1773; x_wconf 78' lang='lat' dir='ltr'>formulae</span> <span class='ocrx_word' id='word_1_181' title='bbox 151 1730 303 1772; x_wconf 85' lang='lat' dir='ltr'>distinctionem</span> <span class='ocrx_word' id='word_1_182' title='bbox 316 1731 399 1772; x_wconf 90' lang='lat' dir='ltr'>omnino</span> <span class='ocrx_word' id='word_1_183' title='bbox 406 1731 486 1774; x_wconf 79' lang='lat' dir='ltr'>suadet:</span> <span class='ocrx_word' id='word_1_184' title='bbox 495 1732 592 1788; x_wconf 80' lang='lat' dir='ltr'>quoniam</span> <span class='ocrx_word' id='word_1_185' title='bbox 598 1730 707 1773; x_wconf 79' lang='lat' dir='ltr'>verisimile</span> <span class='ocrx_word' id='word_1_186' title='bbox 713 1745 756 1773; x_wconf 91' lang='lat' dir='ltr'>non</span> 
     </span>
     <span class='ocr_line' id='line_1_24' title="bbox 40 1805 756 1862; baseline 0 -15"><span class='ocrx_word' id='word_1_187' title='bbox 40 1814 79 1856; x_wconf 87' lang='lat' dir='ltr'>est,</span> <span class='ocrx_word' id='word_1_188' title='bbox 100 1812 216 1854; x_wconf 78' lang='lat' dir='ltr'>auctorem,</span> <span class='ocrx_word' id='word_1_189' title='bbox 236 1806 291 1862; x_wconf 89' lang='lat' dir='ltr'>quod</span> <span class='ocrx_word' id='word_1_190' title='bbox 308 1821 350 1847; x_wconf 88' lang='lat' dir='ltr'>uno</span> <span class='ocrx_word' id='word_1_191' title='bbox 368 1807 493 1848; x_wconf 82' lang='lat' dir='ltr'>Pronomine</span> <span class='ocrx_word' id='word_1_192' title='bbox 504 1809 563 1850; x_wconf 72' lang='grc' dir='ltr'><strong><em>τοῦτο</em></strong></span> <span class='ocrx_word' id='word_1_193' title='bbox 577 1805 666 1848; x_wconf 88' lang='lat' dir='ltr'>scribere</span> <span class='ocrx_word' id='word_1_194' title='bbox 678 1813 756 1861; x_wconf 75' lang='lat' dir='ltr'>posset,</span> 
     </span>
    </p>
   </div>
   <div class='ocr_carea' id='block_1_3' title="bbox 40 1961 762 2684">
    <p class='ocr_par' dir='ltr' id='par_1_4' title="bbox 40 1961 758 2251">
     <span class='ocr_line' id='line_1_25' title="bbox 61 1961 756 2008; baseline 0.003 -14"><span class='ocrx_word' id='word_1_195' title='bbox 61 1962 85 2008; x_wconf 77' lang='lat'>(1)</span> <span class='ocrx_word' id='word_1_196' title='bbox 96 1966 144 1996; x_wconf 81' lang='lat' dir='ltr'>Recte</span> <span class='ocrx_word' id='word_1_197' title='bbox 156 1972 230 1995; x_wconf 79' lang='lat' dir='ltr'>sronntns</span> <span class='ocrx_word' id='word_1_198' title='bbox 243 1963 301 1994; x_wconf 76' lang='lat' dir='ltr'>excitet</span> <span class='ocrx_word' id='word_1_199' title='bbox 313 1962 374 1994; x_wconf 69' lang='lat' dir='ltr'>Mutet.</span> <span class='ocrx_word' id='word_1_200' title='bbox 387 1961 432 1994; x_wconf 73' lang='lat' dir='ltr'>xxi:</span> <span class='ocrx_word' id='word_1_201' title='bbox 446 1964 475 1995; x_wconf 75' lang='lat'>46.</span> <span class='ocrx_word' id='word_1_202' title='bbox 488 1965 496 1993; x_wconf 85' lang='grc'>1</span> <span class='ocrx_word' id='word_1_203' title='bbox 512 1965 547 1995; x_wconf 83' lang='lat' dir='ltr'>Cor.</span> <span class='ocrx_word' id='word_1_204' title='bbox 561 1963 594 1995; x_wconf 82' lang='lat' dir='ltr'>IX:</span> <span class='ocrx_word' id='word_1_205' title='bbox 606 1965 634 1995; x_wconf 71' lang='lat'>21.</span> <span class='ocrx_word' id='word_1_206' title='bbox 648 1965 686 1996; x_wconf 84' lang='lat' dir='ltr'>Gol.</span> <span class='ocrx_word' id='word_1_207' title='bbox 698 1964 730 1996; x_wconf 69' lang='lat' dir='ltr'>rr:</span> <span class='ocrx_word' id='word_1_208' title='bbox 740 1966 756 1996; x_wconf 83' lang='grc'>1.</span> 
     </span>
     <span class='ocr_line' id='line_1_26' title="bbox 40 2023 758 2066; baseline 0 -9"><span class='ocrx_word' id='word_1_209' title='bbox 40 2027 87 2057; x_wconf 74' lang='lat' dir='ltr'>Pto.</span> <span class='ocrx_word' id='word_1_210' title='bbox 99 2028 116 2057; x_wconf 89' lang='lat'>8.</span> <span class='ocrx_word' id='word_1_211' title='bbox 140 2025 197 2057; x_wconf 85' lang='lat' dir='ltr'>lllnltos</span> <span class='ocrx_word' id='word_1_212' title='bbox 207 2025 246 2056; x_wconf 81' lang='lat' dir='ltr'>item</span> <span class='ocrx_word' id='word_1_213' title='bbox 257 2023 298 2054; x_wconf 89' lang='lat' dir='ltr'>locos</span> <span class='ocrx_word' id='word_1_214' title='bbox 310 2024 386 2064; x_wconf 78' lang='lat' dir='ltr'>congessit</span> <span class='ocrx_word' id='word_1_215' title='bbox 397 2031 467 2054; x_wconf 73' lang='lat' dir='ltr'>Wln&#39;nttus</span> <span class='ocrx_word' id='word_1_216' title='bbox 484 2035 501 2066; x_wconf 91' lang='lat' dir='ltr'>p.</span> <span class='ocrx_word' id='word_1_217' title='bbox 512 2026 555 2064; x_wconf 71' lang='lat'>328,</span> <span class='ocrx_word' id='word_1_218' title='bbox 568 2025 612 2064; x_wconf 74' lang='lat'>329,</span> <span class='ocrx_word' id='word_1_219' title='bbox 625 2026 672 2057; x_wconf 79' lang='lat' dir='ltr'>etiam</span> <span class='ocrx_word' id='word_1_220' title='bbox 684 2037 703 2057; x_wconf 80' lang='lat' dir='ltr'>ex</span> <span class='ocrx_word' id='word_1_221' title='bbox 717 2027 758 2058; x_wconf 85' lang='lat' dir='ltr'>scri-</span> 
     </span>
     <span class='ocr_line' id='line_1_27' title="bbox 40 2083 757 2133; baseline 0.001 -15"><span class='ocrx_word' id='word_1_222' title='bbox 40 2086 111 2129; x_wconf 77' lang='lat' dir='ltr'>ptoribus</span> <span class='ocrx_word' id='word_1_223' title='bbox 128 2087 194 2128; x_wconf 72' lang='lat' dir='ltr'>exteris,</span> <span class='ocrx_word' id='word_1_224' title='bbox 214 2084 271 2128; x_wconf 85' lang='lat' dir='ltr'>quibus</span> <span class='ocrx_word' id='word_1_225' title='bbox 287 2083 323 2115; x_wconf 76' lang='lat' dir='ltr'>addi</span> <span class='ocrx_word' id='word_1_226' title='bbox 341 2091 405 2133; x_wconf 84' lang='lat' dir='ltr'>possunt</span> <span class='ocrx_word' id='word_1_227' title='bbox 420 2094 479 2117; x_wconf 77' lang='lat' dir='ltr'>noune.</span> <span class='ocrx_word' id='word_1_228' title='bbox 499 2085 528 2117; x_wconf 76' lang='lat' dir='ltr'>on,</span> <span class='ocrx_word' id='word_1_229' title='bbox 546 2085 563 2117; x_wconf 88' lang='lat' dir='ltr'><em>A</em></span> <span class='ocrx_word' id='word_1_230' title='bbox 579 2097 602 2118; x_wconf 88' lang='lat' dir='ltr'>vs.</span> <span class='ocrx_word' id='word_1_231' title='bbox 621 2087 661 2119; x_wconf 87' lang='grc'>717.</span> <span class='ocrx_word' id='word_1_232' title='bbox 683 2088 757 2119; x_wconf 78' lang='lat' dir='ltr'>Isocmr.</span> 
     </span>
     <span class='ocr_line' id='line_1_28' title="bbox 42 2145 757 2192; baseline 0 -12"><span class='ocrx_word' id='word_1_233' title='bbox 42 2150 146 2192; x_wconf 69' lang='lat' dir='ltr'>Burgi-‚cap</span> <span class='ocrx_word' id='word_1_234' title='bbox 159 2151 175 2181; x_wconf 79' lang='grc'>6.</span> <span class='ocrx_word' id='word_1_235' title='bbox 197 2148 328 2180; x_wconf 67' lang='lat' dir='ltr'>trinominem.</span> <span class='ocrx_word' id='word_1_236' title='bbox 342 2147 387 2179; x_wconf 82' lang='lat' dir='ltr'>Soor.</span> <span class='ocrx_word' id='word_1_237' title='bbox 400 2145 435 2177; x_wconf 83' lang='lat' dir='ltr'>Lib.</span> <span class='ocrx_word' id='word_1_238' title='bbox 447 2145 479 2178; x_wconf 82' lang='lat' dir='ltr'>tn.</span> <span class='ocrx_word' id='word_1_239' title='bbox 491 2157 525 2189; x_wconf 78' lang='lat' dir='ltr'>esp.</span> <span class='ocrx_word' id='word_1_240' title='bbox 538 2148 555 2179; x_wconf 86' lang='lat' dir='ltr'>o.</span> <span class='ocrx_word' id='word_1_241' title='bbox 567 2146 576 2189; x_wconf 65' lang='lat' dir='ltr'>p</span> <span class='ocrx_word' id='word_1_242' title='bbox 590 2150 605 2180; x_wconf 92' lang='lat'>1.</span> <span class='ocrx_word' id='word_1_243' title='bbox 619 2147 720 2181; x_wconf 68' lang='lat' dir='ltr'>Pommttb.</span> <span class='ocrx_word' id='word_1_244' title='bbox 729 2149 757 2180; x_wconf 87' lang='lat' dir='ltr'>IV.</span> 
     </span>
     <span class='ocr_line' id='line_1_29' title="bbox 41 2212 132 2251; baseline 0.011 -10"><span class='ocrx_word' id='word_1_245' title='bbox 41 2222 56 2251; x_wconf 87' lang='lat' dir='ltr'>p.</span> <span class='ocrx_word' id='word_1_246' title='bbox 68 2213 103 2242; x_wconf 74' lang='lat'>285</span> <span class='ocrx_word' id='word_1_247' title='bbox 115 2212 132 2243; x_wconf 87' lang='lat' dir='ltr'>C.</span> 
     </span>
    </p>

    <p class='ocr_par' dir='ltr' id='par_1_5' title="bbox 41 2262 762 2684">
     <span class='ocr_line' id='line_1_30' title="bbox 64 2262 758 2316; baseline 0 -15"><span class='ocrx_word' id='word_1_248' title='bbox 64 2270 88 2316; x_wconf 73' lang='lat'>(2)</span> <span class='ocrx_word' id='word_1_249' title='bbox 103 2272 178 2304; x_wconf 78' lang='lat' dir='ltr'>Nonnulli</span> <span class='ocrx_word' id='word_1_250' title='bbox 192 2272 295 2314; x_wconf 83' lang='lat' dir='ltr'>Porticipium</span> <span class='ocrx_word' id='word_1_251' title='bbox 308 2262 394 2316; x_wconf 64' lang='grc' dir='ltr'><em>ῧπάρχων</em></span> <span class='ocrx_word' id='word_1_252' title='bbox 405 2271 478 2302; x_wconf 74' lang='lat' dir='ltr'>Praesens</span> <span class='ocrx_word' id='word_1_253' title='bbox 491 2280 522 2301; x_wconf 84' lang='lat' dir='ltr'>esse</span> <span class='ocrx_word' id='word_1_254' title='bbox 535 2276 621 2314; x_wconf 76' lang='lat' dir='ltr'>putarunt,</span> <span class='ocrx_word' id='word_1_255' title='bbox 633 2271 690 2314; x_wconf 88' lang='lat' dir='ltr'>quibus</span> <span class='ocrx_word' id='word_1_256' title='bbox 705 2270 758 2303; x_wconf 78' lang='lat' dir='ltr'>caleu-</span> 
     </span>
     <span class='ocr_line' id='line_1_31' title="bbox 41 2332 759 2375; baseline 0 -12"><span class='ocrx_word' id='word_1_257' title='bbox 41 2335 73 2364; x_wconf 87' lang='lat' dir='ltr'>tnm</span> <span class='ocrx_word' id='word_1_258' title='bbox 90 2333 148 2365; x_wconf 73' lang='lat' dir='ltr'>adiecit</span> <span class='ocrx_word' id='word_1_259' title='bbox 165 2335 211 2365; x_wconf 79' lang='lat' dir='ltr'>Boot.</span> <span class='ocrx_word' id='word_1_260' title='bbox 227 2340 302 2375; x_wconf 71' lang='grc'>1111111111,</span> <span class='ocrx_word' id='word_1_261' title='bbox 320 2334 391 2366; x_wconf 65' lang='lat' dir='ltr'>Studien</span> <span class='ocrx_word' id='word_1_262' title='bbox 408 2334 443 2364; x_wconf 76' lang='lat' dir='ltr'>nod</span> <span class='ocrx_word' id='word_1_263' title='bbox 456 2333 541 2364; x_wconf 77' lang='lat' dir='ltr'>Kritr&#39;lren.</span> <span class='ocrx_word' id='word_1_264' title='bbox 553 2333 596 2365; x_wconf 72' lang='lat' dir='ltr'>Tom,</span> <span class='ocrx_word' id='word_1_265' title='bbox 608 2334 623 2367; x_wconf 90' lang='lat' dir='ltr'>I.</span> <span class='ocrx_word' id='word_1_266' title='bbox 635 2344 651 2375; x_wconf 89' lang='lat' dir='ltr'>p.</span> <span class='ocrx_word' id='word_1_267' title='bbox 667 2333 706 2363; x_wconf 73' lang='lat'>594.</span> <span class='ocrx_word' id='word_1_268' title='bbox 729 2332 759 2364; x_wconf 79' lang='lat' dir='ltr'>Sed</span> 
     </span>
     <span class='ocr_line' id='line_1_32' title="bbox 41 2392 762 2437; baseline 0.001 -12"><span class='ocrx_word' id='word_1_269' title='bbox 41 2404 89 2426; x_wconf 82' lang='lat' dir='ltr'>nexus</span> <span class='ocrx_word' id='word_1_270' title='bbox 100 2395 133 2426; x_wconf 87' lang='lat' dir='ltr'>eins</span> <span class='ocrx_word' id='word_1_271' title='bbox 144 2406 179 2427; x_wconf 89' lang='lat' dir='ltr'>eum</span> <span class='ocrx_word' id='word_1_272' title='bbox 191 2394 254 2427; x_wconf 79' lang='lat' dir='ltr'>Auristo</span> <span class='ocrx_word' id='word_1_273' title='bbox 266 2395 347 2437; x_wconf 66' lang='grc' dir='ltr'><em>ἡγήσατο</em></span> <span class='ocrx_word' id='word_1_274' title='bbox 359 2393 389 2425; x_wconf 88' lang='lat' dir='ltr'>hoe</span> <span class='ocrx_word' id='word_1_275' title='bbox 399 2394 441 2425; x_wconf 84' lang='lat' dir='ltr'>serre</span> <span class='ocrx_word' id='word_1_276' title='bbox 453 2404 484 2426; x_wconf 90' lang='lat' dir='ltr'>non</span> <span class='ocrx_word' id='word_1_277' title='bbox 494 2392 570 2435; x_wconf 52' lang='lat' dir='ltr'>videtur„</span> <span class='ocrx_word' id='word_1_278' title='bbox 586 2395 627 2426; x_wconf 77' lang='lat' dir='ltr'>llam</span> <span class='ocrx_word' id='word_1_279' title='bbox 637 2393 675 2437; x_wconf 79' lang='lat' dir='ltr'>loci,</span> <span class='ocrx_word' id='word_1_280' title='bbox 686 2392 714 2425; x_wconf 83' lang='lat' dir='ltr'>uhi</span> <span class='ocrx_word' id='word_1_281' title='bbox 722 2395 762 2426; x_wconf 84' lang='lat' dir='ltr'>Par-</span> 
     </span>
     <span class='ocr_line' id='line_1_33' title="bbox 41 2454 760 2500; baseline 0.003 -14"><span class='ocrx_word' id='word_1_282' title='bbox 41 2455 113 2497; x_wconf 77' lang='lat' dir='ltr'>ricipium</span> <span class='ocrx_word' id='word_1_283' title='bbox 131 2455 201 2487; x_wconf 69' lang='lat' dir='ltr'>siricolo</span> <span class='ocrx_word' id='word_1_284' title='bbox 223 2456 242 2496; x_wconf 86' lang='grc' dir='ltr'>ὁ,</span> <span class='ocrx_word' id='word_1_285' title='bbox 263 2457 284 2498; x_wconf 76' lang='grc' dir='ltr'>ἡ,</span> <span class='ocrx_word' id='word_1_286' title='bbox 304 2455 325 2488; x_wconf 78' lang='grc' dir='ltr'>τό</span> <span class='ocrx_word' id='word_1_287' title='bbox 342 2454 425 2497; x_wconf 80' lang='lat' dir='ltr'>definitur,</span> <span class='ocrx_word' id='word_1_288' title='bbox 442 2461 461 2486; x_wconf 90' lang='lat' dir='ltr'>ut</span> <span class='ocrx_word' id='word_1_289' title='bbox 474 2454 559 2489; x_wconf 65' lang='lat' dir='ltr'>loanni:</span> <span class='ocrx_word' id='word_1_290' title='bbox 573 2457 600 2486; x_wconf 86' lang='grc'>18.</span> <span class='ocrx_word' id='word_1_291' title='bbox 617 2455 652 2486; x_wconf 77' lang='lat'>111:</span> <span class='ocrx_word' id='word_1_292' title='bbox 665 2456 692 2486; x_wconf 88' lang='grc'>13.</span> <span class='ocrx_word' id='word_1_293' title='bbox 706 2459 760 2500; x_wconf 60' lang='lat' dir='ltr'>Apro,</span> 
     </span>
     <span class='ocr_line' id='line_1_34' title="bbox 41 2515 760 2560; baseline 0.003 -12"><span class='ocrx_word' id='word_1_294' title='bbox 41 2517 87 2549; x_wconf 84' lang='lat' dir='ltr'><strong>XIV:</strong></span> <span class='ocrx_word' id='word_1_295' title='bbox 99 2517 131 2559; x_wconf 79' lang='lat'>13,</span> <span class='ocrx_word' id='word_1_296' title='bbox 143 2515 180 2548; x_wconf 86' lang='lat' dir='ltr'>hinc</span> <span class='ocrx_word' id='word_1_297' title='bbox 192 2517 239 2549; x_wconf 82' lang='lat' dir='ltr'>alieni</span> <span class='ocrx_word' id='word_1_298' title='bbox 252 2524 293 2549; x_wconf 88' lang='lat' dir='ltr'>sont.</span> <span class='ocrx_word' id='word_1_299' title='bbox 318 2518 337 2550; x_wconf 90' lang='lat' dir='ltr'>In</span> <span class='ocrx_word' id='word_1_300' title='bbox 349 2517 413 2559; x_wconf 76' lang='lat' dir='ltr'>ceteris,</span> <span class='ocrx_word' id='word_1_301' title='bbox 425 2527 464 2559; x_wconf 83' lang='lat' dir='ltr'>quos</span> <span class='ocrx_word' id='word_1_302' title='bbox 475 2524 545 2547; x_wconf 75' lang='lat' dir='ltr'>irrumpe</span> <span class='ocrx_word' id='word_1_303' title='bbox 555 2527 571 2558; x_wconf 87' lang='lat' dir='ltr'>p.</span> <span class='ocrx_word' id='word_1_304' title='bbox 584 2516 629 2556; x_wconf 78' lang='grc'>324,</span> <span class='ocrx_word' id='word_1_305' title='bbox 642 2518 676 2548; x_wconf 77' lang='lat'>325</span> <span class='ocrx_word' id='word_1_306' title='bbox 694 2518 760 2560; x_wconf 79' lang='lat' dir='ltr'>attulit,</span> 
     </span>
     <span class='ocr_line' id='line_1_35' title="bbox 44 2577 761 2623; baseline 0.004 -14"><span class='ocrx_word' id='word_1_307' title='bbox 44 2580 90 2610; x_wconf 79' lang='lat' dir='ltr'>ctiam</span> <span class='ocrx_word' id='word_1_308' title='bbox 107 2577 147 2610; x_wconf 83' lang='lat' dir='ltr'>Act.</span> <span class='ocrx_word' id='word_1_309' title='bbox 164 2578 210 2609; x_wconf 83' lang='lat' dir='ltr'>XIX:</span> <span class='ocrx_word' id='word_1_310' title='bbox 223 2581 251 2612; x_wconf 75' lang='lat'>24.</span> <span class='ocrx_word' id='word_1_311' title='bbox 271 2582 331 2613; x_wconf 69' lang='lat' dir='ltr'>iper.</span> <span class='ocrx_word' id='word_1_312' title='bbox 340 2579 377 2612; x_wconf 81' lang='lat'>111:</span> <span class='ocrx_word' id='word_1_313' title='bbox 390 2581 412 2620; x_wconf 87' lang='grc'>5,</span> <span class='ocrx_word' id='word_1_314' title='bbox 423 2579 508 2621; x_wconf 73' lang='lat' dir='ltr'>Parricipio</span> <span class='ocrx_word' id='word_1_315' title='bbox 521 2585 582 2610; x_wconf 84' lang='lat' dir='ltr'>tontum</span> <span class='ocrx_word' id='word_1_316' title='bbox 592 2581 666 2622; x_wconf 81' lang='lat' dir='ltr'>temporis</span> <span class='ocrx_word' id='word_1_317' title='bbox 679 2582 761 2623; x_wconf 82' lang='lat' dir='ltr'>praeteriti</span> 
     </span>
     <span class='ocr_line' id='line_1_36' title="bbox 45 2638 714 2684; baseline 0.007 -15"><span class='ocrx_word' id='word_1_318' title='bbox 45 2638 179 2682; x_wconf 72' lang='lat' dir='ltr'>comprehenditur</span> <span class='ocrx_word' id='word_1_319' title='bbox 190 2641 266 2684; x_wconf 81' lang='lat' dir='ltr'>spatium,</span> <span class='ocrx_word' id='word_1_320' title='bbox 279 2648 356 2684; x_wconf 81' lang='lat' dir='ltr'>quantum</span> <span class='ocrx_word' id='word_1_321' title='bbox 366 2640 418 2676; x_wconf 84' lang='lat' dir='ltr'>Verbo</span> <span class='ocrx_word' id='word_1_322' title='bbox 429 2641 484 2684; x_wconf 78' lang='lat' dir='ltr'>finito,</span> <span class='ocrx_word' id='word_1_323' title='bbox 495 2651 562 2683; x_wconf 82' lang='lat' dir='ltr'>quocum</span> <span class='ocrx_word' id='word_1_324' title='bbox 574 2642 675 2674; x_wconf 84' lang='lat' dir='ltr'>coniunctum</span> <span class='ocrx_word' id='word_1_325' title='bbox 686 2649 714 2674; x_wconf 85' lang='lat' dir='ltr'>est.</span> 
     </span>
    </p>
   </div>
   <div class='ocr_carea' id='block_1_4' title="bbox 0 0 838 2790">
    <p class='ocr_par' dir='ltr' id='par_1_6' title="bbox 0 0 838 2790">
     <span class='ocr_line' id='line_1_37' title="bbox 0 0 838 2790; baseline 0 0"><span class='ocrx_word' id='word_1_326' title='bbox 0 0 838 2790; x_wconf 95' lang='lat' dir='ltr'> </span> 
     </span>
    </p>
   </div>
  </div>
 </body>
</html>
