1650 2790
269 43 312 69 1111.
329 28 363 72 IV.
381 43 437 69 vens.
454 31 473 69 3.
682 29 722 68 275

44 156 87 196 lam
108 166 130 192 eo
149 151 243 206 perveni,
263 159 286 190 nt
302 151 345 191 sine
359 152 418 206 culpa
431 152 515 193 ulterius
531 148 627 207 progredi
641 149 722 204 possim.

15 232 107 272 Lectores
123 226 196 283 igitur,
216 225 290 282 quibus
309 224 409 282 disputata
431 226 456 268 de
470 226 559 268 rersibns
574 228 587 267 2
602 227 649 266 et3
667 223 725 282 satis-

15 305 101 352 iaciunt,
118 301 305 357 interpretationem
319 300 408 344 habeant
424 300 537 342 absolutam
552 307 580 350 et,
595 314 633 355 per
650 312 683 340 me
699 297 727 337 li-

16 387 57 433 cet,
75 377 167 419 omittant
186 391 238 433 quae
260 391 316 419 mmo
330 391 391 432 porro
407 383 526 432 sequnntur.
558 375 598 416 Sed
612 383 672 416 erunt
685 375 727 415 for-

15 464 64 496 tasse
77 451 132 494 baud
148 452 218 508 pauci,
234 452 410 509 quibusmultum
424 450 518 494 desiderii
531 450 675 501 relictnmsitz.
699 450 727 494 ,Et

15 545 52 587 ego
72 528 155 585 quidem
178 529 282 584 scrupulos
299 528 349 570 mibi
371 529 424 569 inter
441 526 572 568 scribendum
584 526 668 566 iniectos
685 540 727 567 esse

15 608 85 655 fateor,
103 604 177 661 quibus
192 604 266 646 frustra
280 618 410 661 quaererem,
426 602 528 659 quomodo
543 616 576 643 me
589 602 728 657 Interpretnm

16 678 155 722 commentarii
173 678 293 722 liberarent.
324 679 392 733 Unrun
414 679 542 734 alterumque
564 677 604 719 iam
627 676 727 719 indicari:
761 712 766 717 ,

16 769 72 797 nuno
93 754 162 810 plnres
183 768 297 810 proponere
319 754 383 795 iubet.
415 753 515 797 Videlicet
526 752 590 803 illud,
608 752 662 809 qnod
677 752 729 793 duae

16 828 111 871 mulieres
123 843 201 885 eaeque
215 829 268 871 bene
281 829 365 870 meritae
376 829 398 870 in
413 828 501 884 Epistola
513 827 597 883 publiee
609 825 697 884 legenda
705 826 730 867 ad

16 904 145 948 concordiam
165 911 273 954 vocantur,
296 903 352 946 iraud
367 904 408 945 seio
422 918 479 953 sane,
494 917 520 944 an
535 902 647 958 importuni
664 902 730 957 potins

17 979 130 1028 monitoris,
152 993 215 1035 quam
231 978 335 1033 prudentis
351 978 436 1019 dixerim
451 992 519 1019 111111.
550 979 592 1020 Nee
604 985 660 1020 tanta
675 992 729 1026 con·-

18 1054 110 1096 tentionis
123 1053 229 1109 asperitas,
246 1061 268 1094 ut
282 1054 349 1109 palam
365 1061 384 1094 et
399 1061 467 1109 aperte
479 1051 644 1108 reprehendenda
659 1053 694 1103 sit,
708 1053 730 1093 in

19 1144 50 1171 eas
63 1128 135 1171 eadere
146 1127 231 1177 ridetur,
245 1143 298 1184 quae
310 1143 331 1169 se
338 1142 423 1169 ennrsrr
431 1142 490 1169 eausa
498 1128 594 1182 periculis
604 1128 730 1169 obiecerunt.

18 1205 91 1245 ttirnrn
103 1217 163 1259 porro
178 1201 260 1253 accidit,
277 1210 357 1258 praeter
371 1217 496 1244 enerranrnn
506 1203 588 1245 Romae
599 1204 731 1259 Episcopum,

19 1279 81 1319 aliurn
95 1278 157 1318 fuisse
166 1292 298 1327 crnrrnnrnn,
307 1277 473 1335 Plribppeoeem
489 1278 521 1319 rel
534 1278 651 1337 Philzppt‘s
661 1279 732 1320 saltem

19 1359 189 1401 commorantem,
205 1351 317 1408 itidemque
333 1352 430 1392 eximium
446 1352 475 1394 rei
491 1351 614 1395 Christianae
622 1353 732 1403 vindicem,

19 1428 44 1469 de
60 1442 101 1484 qno
118 1436 186 1470 tamen
200 1426 252 1468 nihii
267 1428 450 1483 pbrnememoriae
461 1427 588 1483 prodiderint
596 1429 685 1473 Veteres.
707 1430 733 1470 Et

20 1505 85 1545 celare
102 1497 161 1552 nolo,
176 1503 276 1544 nonsatis
291 1518 373 1559 gratem
388 1503 497 1559 cogitando
508 1503 559 1561 fingi
572 1519 630 1560 posse
644 1519 732 1554 cansam,

21 1593 57 1619 cur
78 1585 148 1620 auctor
170 1577 294 1619 adiutoribus
314 1577 354 1618 suis
374 1578 491 1620 beatitatem
510 1579 618 1620 coelestem
634 1579 733 1620 Divinitas

24 1661 111 1704 paratam
126 1667 168 1693 esse
183 1654 290 1708 scripserit.
321 1653 376 1694 Haeo
392 1661 459 1694 autern
476 1661 494 1694 et
509 1660 576 1696 cetera
589 1655 629 1696 iarn
646 1654 734 1695 indicata

23 1741 69 1768 eum
85 1741 118 1767 me
132 1726 244 1768 identidem
259 1723 377 1782 fatigarent,
395 1742 418 1767 ex
433 1728 541 1783 improuiso
555 1730 576 1769 in
595 1729 735 1771 coniecturam

22 1802 100 1844 delatus
120 1816 175 1851 suin,
197 1817 249 1857 qnae
266 1803 281 1843 si
295 1802 398 1857 probanda
413 1803 539 1853 censebitur,
557 1803 656 1845 nonnulla
674 1804 735 1846 etiarn

23 1892 93 1918 eorum
109 1878 236 1919 retractanda
251 1885 322 1928 erunt,
338 1892 390 1934 quac
402 1878 445 1933 ipse
460 1893 519 1934 supra
532 1879 596 1933 posui.
613 1879 735 1921 Coniectura

24 1952 120 1993 nimirum
141 1952 191 1993 haee
210 1960 249 1993 est:
271 1967 364 1993 unomen
384 1960 403 1992 et
422 1968 547 1995 erroreum
561 1954 656 1995 mulieres
673 1955 735 1996 fnisse

24 2026 106 2081 originis
119 2026 219 2078 Graecae,
235 2026 382 2081 quae‘Bornoe
397 2041 439 2067 una
452 2041 500 2068 oum
516 2042 583 2069 orioro
596 2029 625 2068 rei
637 2027 735 2072 Christia-

25 2115 61 2142 nae
75 2115 156 2156 operam
170 2100 280 2151 dedissent,
295 2100 317 2141 id
328 2101 416 2143 maxime
428 2108 521 2157 agentes,
541 2110 564 2143 ut
577 2117 621 2144 earn
637 2103 662 2144 ad
675 2118 736 2146 suum
756 2093 758 2095 .
788 2126 790 2129 ⁴

24 2188 93 2217 sexum
108 2182 244 2232 propagarent
258 2172 301 2233 (1)3
318 2190 375 2217 nune
387 2190 434 2217 rere
448 2175 538 2225 eiusdem
552 2178 582 2219 rei
593 2178 735 2236 propagandae

24 2256 83 2294 cansa
98 2267 147 2294 curn
162 2265 308 2293 nessrnnoorro
324 2251 441 2310 Plrr'bppos
453 2252 580 2307 profecturae
597 2262 669 2295 essent:
685 2269 735 2296 rao-

25 2340 66 2366 amr
87 2334 207 2383 utramque,
226 2327 343 2368 nonrinibns
357 2326 461 2383 expressis,
478 2326 502 2368 ad
517 2328 646 2370 concordiam
659 2328 735 2371 adhor-

25 2406 89 2441 tatum
112 2416 163 2451 esse,
176 2410 210 2453 ut,
227 2418 274 2445 cum
290 2403 378 2458 Epistola
391 2401 504 2459 Pbt'lpapz‘s
518 2403 631 2458 legeretur,
648 2412 668 2446 et
683 2404 735 2461 ipsas

27 2475 120 2516 excitaret
144 2476 169 2516 ad
191 2480 305 2520 enutionern
325 2476 450 2518 habendam,
474 2491 499 2517 ne
524 2491 585 2529 prfaro
606 2478 693 2520 aliorum
717 2489 735 2521 er

51 2631 73 2671 sii
86 2632 110 2663 Cb
122 2636 192 2675 trimma,
208 2637 238 2665 uu
252 2636 325 2668 {Tlrrrssata'o
341 2639 361 2667 ira
375 2636 485 2667 L'eidrrr'sobert
498 2637 561 2667 Haase,
573 2647 589 2677 p,
600 2638 666 2678 ilsrpr.>

587 2699 634 2739 ror
