1650 2790
260 52 303 80 ear.
320 38 355 81 lll,
374 39 433 81 vans(
448 42 480 89 1¹2,
638 92 640 95 ι
686 46 723 84 tlt

20 173 79 207 tatem
99 164 157 203 creat
167 170 267 217 postrema
280 178 326 218 pars
339 163 399 205 huius
413 179 489 206 versus:
509 165 541 221 ἐφ)
563 160 626 224 pinel
647 165 729 223 κατελή-

19 243 75 297 φθην
86 235 129 281 'dud
142 241 242 295 Χριστοῦ,
256 246 279 280 ut
293 255 304 282 a
320 255 385 282 ranno
399 241 495 297 scriptum
509 257 557 292 esse,
566 241 606 283 iam
612 242 729 285 monuimus

18 328 83 369 supra.
114 314 138 354 Et
153 313 243 368 primum
262 315 345 370 quidem
358 316 413 358 vario
429 317 489 358 modo
502 318 546 361 Viri
557 318 616 360 Docti
630 327 729 374 ceperunt

17 389 124 431 termulam
137 387 266 446 κατελήφθην
277 390 318 433 o‘nd
330 394 422 448 Χριστοῦ
426 412 431 434 :
445 392 480 433 sed
491 406 612 448 persuasum
626 393 677 435 mihi
689 401 728 449 est,

17 479 60 507 eam
81 471 101 504 et
120 463 264 506 convenienter
284 465 429 521 comparationi
449 467 480 507 sui
500 481 549 508 cum
567 467 694 510 currentibus
707 470 729 510 in

17 538 89 589 stadio,
105 552 167 595 quam
184 547 254 582 auctor
270 540 317 582 inde
336 555 348 581 a
366 541 433 584 Verbo
452 538 517 583 ὃιιάκω
531 540 628 592 instituit,
647 544 728 598 capien-

17 615 63 656 dam
85 629 136 664 esse,
156 621 175 655 et
196 615 223 657 ita
248 614 342 670 quidem,
365 621 387 654 ut
408 630 420 656 a
441 614 523 656 notione
539 602 605 657 dativi
623 615 728 670 καταλάβω

16 690 71 733 notio
90 692 163 735 Passiti
181 689 310 747 κατελήφθην
330 705 372 732 non
386 690 470 733 djfferat.
502 691 563 745 Quod
577 692 683 734 coufirmat
700 693 729 734 di-

17 775 72 810 ctum
85 781 193 809 marmus:
210 763 389 820 καταλαμβάνουσι,
398 767 432 808 καὶ
445 764 631 820 καταλαμβάνονται
644 764 679 808 ὑπ’
692 765 729 807 άλ-

15 840 91 897 λήλων,
105 857 117 883 a
126 854 250 884 aversanam
263 840 348 882 allatum
356 837 394 897 (1).
407 841 451 881 Hoc
460 839 514 881 dicto
528 848 597 882 tamen
606 846 729 890 alienatus,

16 917 123 957 immemor
138 930 212 957 vocum
226 913 261 956 ὑπ’
279 911 382 970 αλλήλων,
400 913 501 964 abutitur,
517 929 565 957 eum
575 915 623 956 iude
638 915 731 973 colligat,

16 991 82 1033 Verbo
100 987 206 1046 καταλάβω
221 990 334 1040 Pronomeu
349 987 410 1032 adada
429 990 535 1046 cogitando
550 990 667 1040 addendum
682 1006 730 1033 esse.

15 1066 79 1107 Immo
94 1073 116 1107 ut
129 1065 225 1115 alterum,
241 1071 324 1120 propter
342 1064 436 1105 orationis
455 1064 537 1114 seriem,
554 1064 580 1108 de
594 1066 730 1122 assequenda

11 1141 145 1198 perfectione
160 1138 282 1181 sumendum
295 1153 336 1180 esse
350 1138 477 1188 monuimus,
494 1139 522 1180 sic
535 1139 730 1196 alteruminterpre-

15 1215 53 1256 tari
69 1214 175 1257 dehemus:
192 1228 290 1256 cunisque
305 1219 457 1255 measseeatos
466 1219 506 1254 est.
521 1214 648 1257 Recordatur
655 1229 730 1270 nempe

15 1305 101 1340 rannus,
118 1296 141 1330 ut
152 1289 194 1330 iam
205 1302 365 1330 euarsosrouus
379 1287 455 1343 aliique
467 1288 537 1329 Patres
550 1288 656 1339 viderunt,
671 1290 731 1330 furo-

15 1378 68 1413 rem,
90 1378 130 1419 quo
152 1363 255 1419 quondam
277 1369 383 1404 sectatores
405 1363 624 1413 ennrsr1‚initinere
643 1365 730 1407 maxime

15 1454 81 1480 versus
95 1439 238 1487 Damascum,
258 1437 367 1479 insectatus
386 1445 427 1487 est,
443 1452 482 1478 uec
495 1445 563 1479 tamen
575 1437 675 1493 impedire
690 1454 730 1495 po-

14 1514 63 1563 tuit,
84 1513 193 1569 quominus
215 1526 313 1554 eunrsrns
334 1511 377 1567 ipse
398 1526 446 1553 eum
467 1511 535 1553 medio
557 1520 654 1568 tanquam
667 1528 729 1557 cursu

14 1584 159 1644 assequeretur.
180 1587 263 1629 Sublata
278 1594 346 1629 autem
358 1586 448 1643 imagine
460 1585 512 1628 nihil
521 1586 577 1629 aliud
585 1587 645 1638 dicit,
655 1602 729 1644 quam:

14 1676 111 1703 euarsrns
124 1676 156 1702 me
171 1662 292 1719 adportes
307 1676 360 1703 suas
368 1661 482 1718 perduxit.
514 1661 554 1703 Sed
570 1663 660 1717 quaestio
673 1678 729 1706 nunc

14 1744 53 1787 est,
70 1737 119 1792 quid
133 1735 171 1778 sihi
185 1737 248 1779 velint
264 1737 324 1779 rerba
337 1735 370 1791 ἐφ’
383 1730 410 1794 ᾦ,
425 1735 499 1791 quihus
514 1736 610 1778 Aetirum
622 1736 730 1794 καταλάβω

14 1811 116 1853 connectit
130 1826 177 1852 cum
193 1811 272 1866 Passiro
290 1807 426 1867 κατιλήφθην.
455 1811 551 1868 Plerique
568 1783 761 1868 interpretantur&

14 1886 45 1928 ad
59 1886 127 1944 quod,
143 1886 175 1927 vel
191 1888 252 1927 ααίιιε
267 1888 302 1927 rez'
316 1900 399 1927 caasa:
419 1900 471 1942 quae
491 1894 559 1928 tamen
577 1887 730 1943 interpretatio,

14 1960 71 2002 valde
82 1960 159 2010 dubito,
173 1975 199 2001 an
207 1960 360 2003 accommodata
368 1960 393 2001 sit
400 1961 446 2002 loco
454 1961 515 2003 simili
522 1960 584 2004 Item.
592 1954 617 2006 V:
627 1964 661 2013 12,
672 1962 730 2004 cuius

16 2036 91 2077 ratione
108 2035 177 2077 habita
190 2035 278 2077 scribere
294 2034 328 2077 tte
343 2043 432 2090 praestat
446 2024 630 2094 qaorzdoqttideaz,
642 2046 666 2079 ut
681 2038 731 2094 pla-
791 2034 793 2037 ¹

15 2111 57 2152 cuit
71 2125 210 2154 nounnnemo
224 2110 321 2166 aliisque,
336 2124 474 2152 onenueruun
487 2113 619 2168 sequentibus
634 2120 654 2154 et
665 2129 730 2155 unno-

15 2199 146 2230 onrmeanor.
176 2187 203 2228 At
224 2200 251 2227 ne
267 2185 296 2227 sic
315 2183 399 2242 quidem
419 2184 464 2227 satis
479 2186 541 2241 plene
559 2202 673 2244 expressam
687 2203 730 2230 esse

15 2269 64 2315 puto
79 2269 171 2304 mentem
185 2275 257 2311 raum,
271 2271 336 2317 quem
350 2275 434 2303 onarsrr
446 2260 548 2303 actionem
562 2278 611 2305 cum
625 2278 660 2306 sua
672 2278 728 2305 com-

15 2348 104 2389 parasse,
121 2337 182 2379 etiam
197 2353 221 2379 ex
234 2336 337 2379 Partieula
350 2337 385 2379 καί
396 2336 476 2393 collige.
508 2336 576 2390 Quare
589 2338 641 2379 mihi
651 2337 730 2389 arridet

16 2410 153 2466 interpretatio
173 2426 259 2474 oanvnu
278 2411 453 2469 qaeazadmodmn
468 2416 500 2461 et,
518 2409 728 2467 quam,'l1audsei0‚

21 2521 179 2528 ἦ

16 2581 86 2625 lateque
102 2585 120 2617 S.
140 2585 157 2619 S.
175 2598 191 2629 p.
207 2590 250 2631 222,
271 2600 336 2621 errorem
356 2589 425 2631 fovisse,
450 2599 480 2631 quo
498 2587 546 2619 omnis
564 2585 632 2619 fluctuet
651 2590 731 2631 interpre-

19 2646 61 2677 tatio.
185 2648 211 2695 (t)
226 2652 266 2683 rim.
280 2663 296 2695 p.
309 2653 331 2684 38
345 2652 364 2684 D,

570 2697 643 2767 ,16
