1650 2790
305 43 348 71 nin
363 30 397 73 lV.
415 45 470 72 rans.
487 33 506 72 9.
716 33 763 73 ,293

53 154 114 212 ἔργων
136 151 207 198 αὐταῖν.
240 151 280 193 Sed
300 152 436 207 interpretatio
466 155 511 205 illa,
535 170 560 196 ne
582 156 642 210 plura
663 154 680 194 ei
700 168 762 208 oppo-

53 245 111 280 nam,
127 237 234 285 propterea
255 229 304 270 ferri
323 229 404 286 nequit,
429 230 484 286 quod
500 230 556 273 hunc
572 231 593 271 in
613 231 682 272 locum
695 228 763 270 Traie-

53 304 142 346 ctionem
165 304 259 360 importat
278 303 378 361 ingratam
399 312 419 346 et
442 305 569 347 insolentem.
606 305 669 346 Paulo
690 303 763 345 melius

54 394 151 422 rnraoms
170 379 280 421 orationem
294 379 322 421 sie
343 381 437 436 explicat:
454 395 508 437 quoe
524 387 544 421 et
558 380 669 422 didicistis
686 380 762 430 certe,

54 460 75 496 et
91 456 207 511 accepistis
223 456 329 512 cnenrplo,
348 462 369 496 et
385 455 503 497 airdieastis
521 456 620 508 (ascribas,
640 461 659 495 et
674 455 764 496 vidistis

54 531 130 572 emilis.
161 530 188 570 At
208 530 300 574 Verbum
318 537 386 571 tamen
405 528 567 585 παραλαμβάνω,
582 528 712 571 vehementer
727 530 765 571 dn·

54 605 108 654 bito,
128 619 154 646 an
174 605 227 646 salvo
242 604 338 661 loquendi
356 619 395 645 usu
409 606 564 645 institutionem
581 602 677 645 denotare
692 604 764 659 possit,

54 695 109 738 qzcce
123 681 220 738 exstincto
234 681 330 721 clicerius
345 679 439 720 debetur.
469 681 512 721 Neo
525 694 546 720 se
561 678 690 721 commendat
711 680 765 735 qnod

55 770 146 798 onorius
158 756 196 796 ait:
213 753 321 809 »Ἐμάθετε
334 753 368 796 hio
383 753 483 810 sign'nieat
493 757 590 813 primam
601 755 766 803 institutionem,
804 749 805 752 ¹

54 829 172 887 παρελάβετε
185 832 315 872 exactiorem
330 829 465 871 doctrinam:
478 828 575 886 ἠκούσατε
589 830 676 871 refertur
691 829 716 871 ad
725 830 768 886 fa*

55 906 154 946 mitiores
169 919 289 954 sermones,
312 904 426 947 doctrinam
440 913 531 961 aptantes
546 906 606 946 rebus
622 905 695 954 enatis,
709 904 768 948 εἴδετε

56 994 102 1020 vcro
121 979 146 1020 ad
165 980 227 1036 ipsos
247 995 308 1022 raom
323 983 441 1022 actiones.''
472 981 523 1022 Nam
542 980 564 1021 in
580 980 631 1022 Novi
646 980 769 1021 Testamenti

55 1054 111 1095 libris
130 1068 194 1110 aeque
216 1062 277 1111 atque
298 1055 345 1096 alibi
366 1057 455 1111 quaesivi
475 1057 559 1106 frustra,
580 1054 635 1111 quod
650 1055 770 1097 facultatem

55 1130 150 1185 praebeat
164 1129 256 1171 notiones
270 1130 379 1171 rerlrorum
391 1128 489 1184 ἐμάθετε,
509 1128 628 1187 παρελάβετε
642 1137 661 1171 et
672 1126 770 1185 ἠκούσατε

56 1205 83 1246 ita
102 1204 245 1261 distinguendi.
266 1205 371 1257 Accedit,
393 1206 449 1263 quod
467 1206 510 1261 ipsa
529 1205 564 1247 illa
579 1205 680 1247 distinctio
693 1204 770 1246 anima-

58 1286 98 1321 tam
112 1280 202 1336 Apostoli
217 1280 328 1322 orationem
343 1280 394 1322 flore
407 1295 443 1322 suo
458 1280 560 1338 attigere
575 1279 725 1336 quodammodo
737 1279 771 1321 de*

58 1354 127 1396 stituit.
152 1356 179 1396 Aa
192 1355 242 1396 haec
256 1370 314 1404 sero,
330 1356 421 1411 inquies,
435 1357 451 1397 si
463 1356 576 1412 spernenda
588 1363 646 1405 sunt,
665 1356 715 1411 quid
727 1363 771 1396 tan-

57 1430 104 1471 dem
119 1438 159 1480 est,
180 1431 235 1486 quod
251 1417 332 1486 probari
346 1432 463 1473 mereatur?
493 1433 548 1473 Num
565 1425 664 1473 sententia
676 1433 770 1478 fortasse.

56 1505 124 1548 Verba
145 1503 244 1559 ἐμάθετε,
266 1503 396 1563 παρελάβετε,
418 1504 515 1562 ἠκούσατε
531 1507 648 1563 Synonyma
665 1506 697 1548 rol
717 1512 772 1547 certe

57 1580 104 1622 talia
124 1594 176 1630 esse,
196 1587 220 1620 nt
237 1581 330 1622 notiones
346 1580 459 1622 haheanta
475 1581 596 1623 seinvicem
613 1581 682 1622 minus
699 1580 773 1623 distin-

59 1655 163 1712 guendas?
193 1656 223 1697 lta
237 1655 355 1698 iudicarsmt
368 1644 481 1708 clavinus,
498 1661 656 1705 nnrnnrcnsrus',
671 1670 772 1705 rasurus,

58 1745 224 1780 nnnrnwannus,
237 1731 281 1782 alii,
296 1746 346 1788 quos
359 1732 400 1773 iam
412 1733 521 1787 praecessit
534 1746 664 1774 occurramus
673 1731 772 1773 scribens:

57 1805 99 1849 Ant
116 1807 245 1856 διδασκαλίας
261 1804 356 1860 ἐμάθετε,
376 1808 409 1849 καὶ
428 1804 559 1863 παρελάβετε,
575 1808 608 1858 καὶ
623 1806 733 1862 ἠκούσατε,
748 1805 774 1848 δι’

57 1880 119 1938 ἔργων
134 1881 157 1923 δὲ
170 1881 225 1924 ἴδετε.
253 1880 293 1922 Sed
313 1896 364 1937 paee
381 1881 479 1925 Virorum
496 1882 608 1923 Doctorum
625 1896 637 1923 a
652 1895 687 1922 me
702 1881 774 1936 impe-,-

60 1965 112 1998 trare
133 1971 175 1998 non
191 1970 285 2011 possum,
302 1963 326 1997 ut
338 1955 414 1998 iudicio
426 1957 457 1998 illi
469 1957 572 1999 calculum
585 1955 685 1999 adiiciam.
717 1956 772 1998 Ora-

59 2033 134 2073 tionem
148 2031 202 2073 enim
214 2046 256 2072 non
270 2031 371 2074 inducunt
384 2033 471 2090 graviter
485 2033 621 2083 cumulatam,
638 2032 674 2075 sed
686 2033 774 2088 nequid-

58 2122 121 2163 quam
149 2114 264 2156 oneratam,
290 2121 353 2162 qnam
375 2108 481 2164 scriptores
505 2108 613 2163 populares
634 2107 690 2149 harad
717 2122 775 2149 secus

59 2190 192 2237 aspernantur
210 2197 233 2224 ac
253 2180 375 2237 philosophi.
406 2183 472 2225 Immo
488 2198 536 2225 vero
552 2191 576 2225 ut
592 2198 669 2226 rannus
683 2185 774 2224 mentem

60 2256 147 2313 graviter
173 2257 278 2307 enunciet,
304 2257 369 2299 serbis
387 2257 508 2301 tribuendae
530 2265 577 2300 sunt
594 2259 697 2309 notiones,
722 2272 775 2314 quae

60 2332 199 2390 gradationem
219 2334 302 2376 faciunt
340 2334 413 2390 Neque
430 2335 479 2376 illae
498 2349 545 2375 sane
564 2335 626 2391 longe
647 2332 776 2390 quaerendae

60 2416 122 2460 sunt,
141 2407 253 2451 dnmmodo
273 2408 372 2465 loquendi
388 2425 449 2451 usum
464 2410 557 2466 religiose
573 2423 689 2465 sequamur.
720 2410 775 2466 Ergo

62 2492 148 2541 quatuor
164 2484 233 2529 Verba
252 2482 350 2541 ἐμάθετε,
369 2483 501 2542 παρελάβετε,
516 2484 613 2542 ἦκαάσατε
632 2491 651 2526 ct
669 2479 729 2528 aidica
748 2484 775 2526 sic

63 2553 194 2616 interpretor,
209 2568 232 2601 ut
246 2561 314 2618 priora
328 2575 376 2603 cnm
384 2575 443 2603 usrro
453 2562 539 2603 reseram
547 2560 572 2603 ad
579 2559 683 2618 Apostoli
693 2559 778 2603 doctri}

64 2651 124 2687 ηααα,
138 2636 248 2692 posteriora
261 2638 285 2679 ad
298 2639 343 2679 eius
358 2639 431 2679 eitmn.
447 2638 474 2678 ‚dt
487 2636 537 2678 illud
551 2644 626 2686 tamen,
641 2636 696 2692 quod
706 2651 777 2678 secun*
801 2630 802 2634 ¹
