1650 2790
285 47 327 74 cnr.
342 34 377 75 Ν,
394 48 447 74 vrrs.
467 35 498 74 17,
624 74 629 81 ,
702 36 742 73 317

36 155 51 193 si
70 153 159 208 Simplex
178 154 233 209 ζητεῖ
248 155 277 194 ibi
296 169 332 209 pro
348 155 460 209 Composito
474 157 563 211 ἐπιζητεῖ
580 153 744 196 substituendum

37 237 75 279 cst,
88 227 140 269 illud
157 229 202 270 sutis
220 230 335 270 luculenter
347 229 415 280 docet,
432 231 602 286 Praepositionem
620 217 655 273 ἐῂί
665 230 693 271 ita
707 243 745 270 ur-

38 304 81 360 geri
97 318 139 345 nou
152 318 218 359 posse,
234 312 257 345 ut
273 304 327 360 apud
344 320 475 347 irrrrusumr
490 313 509 346 et
524 320 593 347 Lucum
608 307 699 361 ἐπιζητεῖ
712 319 746 345 es-

37 379 124 435 plicetur
144 379 221 436 eapr'de
236 380 268 420 vel
290 395 368 422 sommo
385 381 455 422 studio
476 383 563 437 expetit.
594 379 634 421 Sed
653 380 745 435 exemplo

37 455 97 495 allato
117 453 203 495 adiicere
226 454 282 495 lubet
296 455 356 497 eliud.
386 457 440 512 Ergo
453 455 590 510 interpretes,
605 455 641 510 qui
655 455 744 510 Simplex

37 530 102 584 ζητεῖν
129 535 232 583 exponunt
251 543 370 585 quaerere,
385 535 461 586 petere
483 536 521 571 cet.
541 529 678 584 Compositum
698 534 745 570 sta-

36 604 97 645 diose
111 618 226 661 quaerere,
242 609 319 661 petere
338 611 377 646 cet,
396 611 475 660 rogatos
488 603 543 653 solo,
561 618 598 645 cur
620 619 674 645 msus
694 603 745 646 Lae.

37 679 86 720 XII:
109 681 177 721 29-31
203 678 242 720 boc
262 678 330 720 niedia
350 679 372 719 in
387 677 477 720 oratione
494 678 519 720 de
534 678 627 734 gentibus
646 679 746 733 supersti-

38 754 91 795 tiosis
118 754 220 809 posuerit,
247 761 267 795 at
297 753 332 795 illo
363 753 388 794 de
413 753 452 793 suis
480 766 527 793 usus
552 752 576 793 sit
603 753 746 802 sectatoribus,

39 843 163 885 quemquem
182 829 265 870 societas
283 834 338 869 certe
355 827 414 883 regni
432 815 499 868 Dirini
512 840 592 868 summo
604 826 670 868 studio
683 841 747 882 quee—

40 904 101 946 rendu
116 911 172 945 esset.
202 903 224 943 Si
242 910 310 944 autem
330 901 404 944 hocin
417 903 472 953 loeo,
486 902 522 944 uhi
537 902 598 943 rerba
611 901 748 944 illo‘concur—

38 986 99 1028 runt,
118 978 147 1019 ris
171 976 299 1028 intendendi,
322 992 383 1034 quam
400 976 481 1028 dicunt,
498 976 612 1032 Composito
628 977 692 1018 inesse
706 993 748 1019 non

39 1060 113 1108 potest,
128 1052 248 1094 crediderim
261 1051 366 1108 equidem,
380 1067 425 1094 eam
435 1052 483 1094 alibi
494 1066 576 1108 quoque
587 1052 661 1093 frustm
671 1053 748 1108 quaeri.
761 1055 765 1061 “

37 1130 83 1169 Non
105 1127 163 1169 rideo
185 1135 250 1178 certe,
276 1127 377 1184 quomodo
398 1127 433 1170 illa
453 1127 538 1169 orationi
558 1142 629 1168 mum:
651 1126 697 1181 Οὐχ
717 1123 748 1171 ὅτι

38 1204 127 1258 ἐπιζητῶ
139 1201 162 1245 ed
176 1201 231 1256 aleina
249 1203 365 1254 conveniet,
386 1203 424 1243 uisi
438 1203 483 1260 quis
501 1218 548 1244 eum
565 1202 687 1259 significasse
701 1203 750 1244 velit

40 1276 94 1333 quod
115 1284 134 1318 et
155 1277 180 1319 ab
200 1278 241 1319 eius
261 1285 329 1319 mente
344 1285 363 1319 et
375 1277 424 1319 binc
439 1278 583 1320 alienissimum
598 1285 638 1328 est,
658 1277 750 1321 sedena

39 1352 123 1409 quidem
140 1359 229 1410 petere,
243 1368 281 1395 aee
297 1358 366 1395 tamea
382 1353 484 1395 studiose.
514 1354 593 1398 Verum
608 1368 632 1394 ex
645 1352 749 1408 disputatis

40 1428 97 1469 nullo
113 1428 175 1469 modo
195 1428 297 1484 sequitur,
314 1428 428 1484 Composito
441 1428 538 1484 ἒπιζητέω
552 1427 604 1469 nibil
618 1428 705 1484 amplius
718 1429 762 1478 de-v

42 1502 108 1544 notari
124 1517 186 1558 quam
200 1503 292 1559 Simplici
306 1504 376 1560 ζητέω,
390 1504 455 1544 Immo
468 1504 533 1545 nodus
547 1503 659 1559 expeditur,
670 1503 686 1545 si
695 1505 754 1546 Prae·

42 1578 136 1633 positioni
150 1580 186 1622 ἐπί
204 1579 290 1620 eandem
302 1579 343 1620 rim
359 1572 479 1628 tribuimus,
492 1593 544 1636 quae
557 1578 579 1620 in
592 1578 664 1623 Verbis
679 1580 754 1636 ἐπερω-

42 1652 84 1698 ea'ro
100 1653 142 1712 (1),
160 1652 260 1709 ἐπιβάλλω
265 1687 271 1706 ‚
286 1654 392 1711 ἕπιορκέω,
408 1653 519 1705 tutotuto,
537 1654 625 1711 ἒπιφέρω
644 1654 755 1710 multisque

43 1728 86 1769 aliis
108 1729 207 1779 cernitur,
228 1736 252 1769 ut
269 1729 366 1784 ἐπιζητέω
385 1722 413 1768 vsit
433 1730 524 1786 insuper
544 1743 638 1786 quaero,
652 1735 705 1787 peto
723 1730 756 1770 vel

39 1818 118 1861 poseo,
133 1810 194 1860 etque
206 1802 246 1845 hoc
260 1805 364 1861 insuper,
381 1817 419 1858 pro
435 1802 529 1845 orationis
545 1803 633 1855 ratione,
652 1818 709 1845 nunc
722 1818 756 1844 er-

43 1880 131 1934 plicetur
143 1893 208 1936 semer
221 1878 247 1920 z'd
259 1878 317 1935 qaod
330 1883 423 1935 oportet,
441 1892 497 1920 nunc
510 1893 582 1936 saper
590 1884 686 1936 accepta,
700 1893 757 1921 nunc

45 1954 198 2012 superjacta,
220 1967 276 1995 nunc
297 1953 357 1994 etiam
372 1955 567 2011 superponente,
583 1955 668 2011 petita,
680 1958 757 2011 postu·

45 2030 99 2071 lata.
130 2029 187 2070 Hunc
199 2027 386 2083 interpretationem
400 2042 480 2078 omues,
492 2028 531 2069 uisi
541 2028 611 2079 fallor,
622 2029 673 2070 Nori
685 2030 757 2087 Testa-

46 2105 110 2145 menti
122 2103 172 2154 loci,
183 2104 205 2144 in
222 2102 296 2159 quibus
310 2103 402 2147 Verbum
419 2102 470 2144 illud
483 2102 570 2162 legitur,
588 2111 624 2145 aut
636 2103 765 2155 admittunt,-

46 2186 81 2220 uut
96 2180 134 2221 sibi
148 2179 230 2231 omnino
240 2180 353 2235 requirunt.
373 2177 710 2235 Requiriteame.c.Hebr.XHI:
720 2182 755 2230 14,
775 2223 778 2228 ,

45 2255 103 2296 cuius
114 2269 182 2296 versus
201 2255 287 2297 alterum
300 2254 425 2296 membrum:
444 2253 496 2296 oilla*
510 2253 547 2309 τήν
559 2253 673 2307 μέλλουσαν
686 2256 757 2311 ἐπιζη-

46 2333 129 2384 τοῦμεν,
144 2337 224 2373 tontum
238 2330 345 2387 respondet
359 2330 429 2395 elteri,
450 2329 466 2371 si
484 2328 600 2384 exponitur:
615 2329 655 2370 sed
663 2335 756 2387 praeter

46 2405 114 2456 hane,
126 2420 190 2463 qaam
204 2408 318 2449 incolimus
332 2407 414 2459 arbem,
423 2406 528 2462 sertorem
543 2406 671 2462 expetimus.
694 2403 756 2447 Com-

70 2576 94 2621 (1)
107 2579 172 2620 Legatur
185 2587 246 2610 turre.
254 2579 300 2612 last.
314 2581 335 2612 Il.
348 2590 363 2622 p.
376 2579 407 2618 17,
420 2580 446 2611 25.
459 2578 491 2613 eff.
504 2588 579 2612 roonsru
591 2580 680 2613 Antandro,
693 2580 735 2613 Part.
744 2581 757 2612 1.

48 2650 63 2681 p.
76 2641 104 2671 58.
