1650 2790
47 86 73 124 tt
274 98 317 125 car,
330 84 346 125 l.
361 97 417 125 vans.
431 86 455 134 3,
471 85 494 133 4,
513 88 532 125 5,

45 213 126 256 mutua,
144 204 274 256 liberalitate,
291 206 331 248 rita
348 208 404 249 omui
420 223 489 250 secum
501 207 585 263 aliisque
598 219 667 248 rerum
679 204 755 246 dimna-

47 297 92 323 rum
112 281 227 323 doctoribus
244 296 315 324 causae
332 298 414 325 cnarsrr
432 282 562 326 stabiliendae
575 289 594 323 et
606 279 755 337 promovendae

46 373 85 398 uua
99 363 189 411 operatos
202 371 249 399 csse,
267 357 327 409 Quod
339 358 406 412 ipsum
418 358 473 400 haud
486 359 570 400 obscure
584 357 643 398 etiam
657 355 756 412 significat

46 447 73 474 rs.
95 434 106 472 7
126 431 232 473 scribendo
250 432 314 486 ὑμᾶς,
328 430 349 474 ἕν
363 449 383 474 τε
397 437 438 482 τοῖς
454 435 533 487 δεσμοῖς
545 449 585 487 γιον
604 439 641 472 etc.
656 437 675 471 et
687 444 714 471 rs,
728 432 755 470 27
797 429 798 432 ’

46 506 109 563 magis
122 505 172 548 adeo
184 506 289 563 magisque
301 505 345 547 fieri
352 506 408 547 iubet
418 506 484 548 verbis
493 508 531 565 μίγ
539 519 569 561 ψν
570 524 599 566 sp
612 507 757 554 συναθλοῦντες

45 585 72 639 τῇ
87 581 149 624 πίστει
161 583 199 622 τοῦ
212 579 322 634 εὐαγγελίου
338 579 376 638 (1)
406 581 473 637 Atque
489 581 541 621 iliud
561 596 608 622 sane
627 579 684 621 alteri
696 578 756 620 huius

45 672 113 698 uersus
130 655 222 697 membro
241 654 348 712 versarique
364 653 456 712 sequenti
475 656 527 698 bene
541 655 644 707 eonvenit3
658 654 756 696 sententia

45 747 103 782 vero,
116 731 150 773 hta
162 745 225 773 unam
237 731 345 773 memorari
357 732 438 774 liberal
443 735 524 784 tatem,
540 746 582 773 non
593 731 649 772 item.
680 734 682 737 '

74 806 175 847 Nimirum
187 821 262 847 raucus
273 806 449 865 Philippensium
461 807 542 849 laudem
554 808 582 848 sio
595 804 704 861 amplificat
716 805 758 848 dud

45 881 124 938 πρώτης
139 880 214 942 ἡμέρας
230 878 277 936 ἄχρι
290 884 326 923 τοῦ
338 886 380 924 νῦν.
405 883 452 923 Esse
466 882 548 938 quidem
561 881 616 923 baud
628 880 756 937 ignoro„qui

46 955 96 998 haec
113 955 199 1011 iungant
219 969 266 996 eum
279 955 341 996 verbo
354 955 475 1012 εὐχαριστῶ,
491 957 522 997 uti
534 972 596 1007 anza,
611 970 631 997 se
644 955 699 997 haud
711 955 757 996 satis

44 1031 97 1071 scire
117 1031 180 1078 aiens,
201 1044 227 1070 an
245 1044 316 1090 rerum
335 1030 359 1070 sit
379 1031 434 1085 quod
456 1031 518 1072 oratio
531 1031 631 1080 continet,
645 1030 661 1070 si
674 1045 697 1071 ea
710 1044 758 1071 cum

45 1105 136 1162 proxime
148 1104 316 1160 praecedentibus
328 1105 449 1163 iunguntur
475 1108 555 1162 Anceps
566 1107 607 1149 iam
619 1105 683 1147 haesit
695 1120 757 1148 oneu-

45 1196 121 1223 rrmrrus
134 1178 173 1237 (2).
203 1180 243 1222 Sed
255 1181 308 1222 bene
320 1196 473 1225 nnnruvranuus
486 1182 564 1224 dictum
576 1181 616 1225 dod
627 1180 706 1239 πρώτης
719 1189 756 1223 etc.

45 1257 126 1313 longius
143 1271 155 1297 a
167 1256 228 1297 verbo
241 1264 351 1298 memorato
364 1257 437 1300 distare
450 1265 529 1307 monet,
543 1272 603 1313 quam
616 1264 639 1297 ut
652 1256 757 1298 commoda

45 1331 97 1373 haec
109 1330 206 1372 habeatur
218 1337 324 1372 structura.
352 1332 469 1386 Sperneuda
482 1347 564 1387 quoquc
576 1333 611 1374 illa
624 1339 663 1381 est,
677 1333 757 1373 nePar-

46 1406 138 1461 ticipium
156 1401 258 1453 πεποιθώς
278 1419 305 1445 rs.
328 1407 340 1446 6
360 1420 371 1446 a
390 1405 455 1446 verbis
475 1405 508 1449 ἐπὶ
520 1404 577 1464 adop
591 1432 618 1439 ›-
631 1404 757 1460 εὐαγγέλιον,

45 1480 167 1537 quibuscum
181 1493 296 1520 connexum
309 1486 347 1527 est,
365 1487 475 1534 separetur.
505 1481 530 1521 Et
543 1480 598 1521 aliud
610 1480 700 1536 profecto
713 1495 757 1522 sua-

45 1556 79 1598 det
96 1555 175 1597 dictum
192 1553 257 1595 simile
273 1552 317 1597 Col.
331 1553 353 1596 I:
367 1557 390 1597 6:
406 1553 436 1597 Td
444 1553 553 1612 εὐαγγέλιόν
566 1558 608 1600 ἐστι
621 1552 759 1613 καρποφορού-

44 1648 103 1684 μενον
123 1631 164 1685 [aot
183 1624 334 1684 ov’EoviparovL
351 1629 421 1679 riade
439 1631 472 1672 καὶ
485 1632 507 1673 ἒν
519 1630 578 1684 alpia,
597 1629 633 1687 ἀφ’
645 1624 670 1686 ἧς
683 1628 758 1685 ἡμέρας

44 1701 143 1760 ,ἠκούσατε
156 1704 190 1745 ναὶ
203 1702 298 1758 ἐπέγνωτε
311 1701 347 1758 τήν
360 1700 419 1759 χάριν
428 1707 465 1746 τοῦ
473 1705 525 1746 Θεοῦ
536 1706 557 1747 ἒν
570 1704 662 1763 ἀληθείᾳ.
681 1705 758 1746 Locum
816 1735 817 1738 η

46 1786 114 1820 autem
127 1778 278 1833 descripsimus,
296 1778 343 1833 quia
355 1777 403 1818 inde
420 1792 460 1818 non
474 1778 539 1818 solum
554 1779 648 1820 certiores
661 1778 720 1820 fimus
733 1779 758 1819 de

46 1869 80 1904 eo,
97 1853 210 1895 orationem
225 1853 276 1894 serie
289 1851 385 1908 deinceps
398 1853 514 1908 continuata
522 1853 642 1909 procedere,
654 1853 688 1894 sed
698 1854 757 1895 etiam

44 1929 71 1970 de
84 1927 145 1969 huius
158 1927 200 1969 loci
215 1941 285 1977 sensu,
300 1941 362 1983 quem
376 1926 405 1969 sio
422 1942 443 1969 se
454 1927 530 1970 habere
543 1936 648 1984 putamus:
662 1930 758 1986 aprime

44 2005 94 2058 ilie,
115 2019 156 2061 qao
172 2003 204 2044 ad
222 2004 344 2044 societatem
358 2017 441 2045 cnmsrr
455 2004 562 2062 perducti
577 2006 641 2055 estis,
657 2004 689 2046 ed
704 2005 759 2047 lunc

45 2094 119 2137 risque.
150 2077 210 2131 Quod
229 2078 245 2119 si
262 2078 287 2120 ad
299 2079 455 2121 liberalitatem
469 2079 647 2138 Philippensium
661 2080 757 2131 refertur,

46 2154 115 2196 dirimi
131 2168 172 2194 non
192 2167 250 2207 posse
265 2152 360 2204 arbitror,
379 2169 406 2195 an
418 2155 461 2196 laus
475 2170 522 2196 vera
534 2155 565 2198 sit.
594 2155 621 2196 At
634 2153 725 2206 laudem,
742 2157 758 2197 si

46 2228 213 2272 communionem
225 2241 296 2282 operae
310 2229 369 2270 rebus
385 2228 500 2271 Christianis
516 2229 573 2271 datae
586 2237 674 2285 spectet,
690 2232 758 2272 onini-

46 2320 72 2346 no
86 2317 155 2345 reram
170 2317 221 2352 esse,
240 2303 311 2344 lectori
324 2310 400 2345 attento
414 2304 473 2345 facilc
485 2318 604 2360 persuasum
619 2305 667 2355 erit,
681 2306 757 2348 etiamsi

45 2379 106 2421 rerba
118 2377 243 2436 populariter
258 2377 355 2420 sumenda
371 2385 440 2420 contra
450 2378 597 2434 interpretandi
604 2379 660 2436 leges
671 2388 755 2437 premat,

45 2572 219 2581 Μ

68 2632 91 2676 (t)
104 2633 128 2663 Cf.
141 2640 204 2665 conum.
215 2641 225 2662 a
237 2641 290 2663 mrum
303 2634 318 2664 ia
329 2631 388 2664 Conon.
401 2634 420 2665 ad
433 2634 448 2667 h.
460 2634 471 2664 l.

67 2695 90 2737 {21
102 2694 131 2726 Vel
142 2695 211 2736 quisquis
223 2701 275 2726 auctor
288 2701 310 2726 est
323 2695 381 2727 (aaran,
396 2694 414 2726 ad
426 2694 443 2726 h,
455 2695 465 2726 l.
479 2695 506 2737 qui
518 2696 550 2726 eius
560 2696 591 2727 lert
603 2706 662 2727 namma
676 2734 679 2737 .
709 2718 712 2721 -
