1650 2790
292 65 336 91 ear.
352 51 367 91 1.
387 65 440 93 ruris,
458 55 492 101 23,
510 53 543 92 24.
732 55 775 93 ⁴99

63 176 149 221 librariis
163 181 182 215 et
195 173 341 228 interpretibus
351 174 436 215 orationi
446 175 523 217 adiecta
536 190 578 217 esse
588 173 678 224 ridetur,
688 185 714 215 ne
724 171 774 215 haee

65 253 131 294 minus
146 247 268 291 cohaereret.
300 247 339 290 Sed
351 248 373 290 in
386 264 447 292 mum
460 265 542 307 quoque
555 257 646 293 mentem
659 263 701 291 non
713 263 776 304 pene-

65 333 128 376 trant,
145 324 181 382 qui
194 322 232 365 hac
245 338 294 365 voce
311 324 418 367 inserenda
431 325 586 369 ratiocinantem
603 341 650 368 eum
664 324 742 367 faciunt
756 331 776 365 et

64 402 198 443 affirmantem
217 398 272 455 quod
291 414 351 455 supra
369 400 410 442 iam
429 401 474 443 satis
490 401 591 442 monitum
605 408 644 451 est,
660 400 738 442 exitum
752 402 788 440 cx'

65 476 102 517 hac
114 475 155 517 rita
168 473 194 517 ad
207 489 312 516 ouarsrurr
327 475 372 530 ipsa
383 476 424 517 vita
437 476 499 530 longe
512 475 619 516 meliorem
634 490 682 516 csse.
708 471 777 516 ,decu-

66 558 107 597 rata
124 550 232 592 verborum
250 550 389 605 interpretatio
405 549 455 600 hoc,
471 549 510 590 nisi
523 549 593 599 fallor,
604 548 698 600 docebit,
715 557 776 605 atque

65 626 92 667 ita
109 625 193 667 sufficiet
210 625 269 666 ctiam
287 623 313 666 ad
330 623 458 667 refutandam
474 637 588 666 nucusrmr
604 620 634 681 (1)
650 623 777 678 opinionem,

65 701 185 756 Interpretes
202 699 301 756 quosdam
317 699 440 741 Particulam
458 699 523 741 studio
537 698 653 750 abstulisse,
669 706 692 740 ut
705 699 777 740 oratio-

66 790 113 816 nem
126 775 152 817 ad
164 790 245 816 sensum
257 788 318 816 suum
332 775 516 817 accommodarent.
542 774 646 826 Primum,
659 773 685 817 ad
697 788 778 817 causam

65 849 200 890 fluctuationis
218 864 265 890 suae
282 849 432 904 explicandam,
453 849 599 906 superioribus:
613 851 714 907 utraeque
727 864 777 891 oero

65 928 143 972 teneor,
157 922 225 964 adiicit
235 924 351 978 Apostolus:
363 923 497 966 desiderium
506 924 585 967 tabens
596 925 646 968 ίιίασ
656 925 778 983 migrandi.

64 997 157 1039 Concedo
171 997 265 1054 quidem,
280 1006 385 1041 auctorem
398 1000 495 1057 loquendi
508 1016 569 1042 usum
582 1001 647 1058 magis
660 1007 779 1043 secuturum

65 1072 134 1123 fuisse,
149 1072 165 1113 si
180 1073 245 1114 verbis
263 1072 299 1129 cdv
318 1075 429 1129 ἐπιθυμίαν
445 1074 498 1130 ἔχων
516 1074 633 1118 subiecisset
649 1075 778 1126 Genidmm,

65 1146 100 1187 sed
120 1144 166 1188 ideo
184 1146 289 1202 probanda
306 1163 354 1190 cum
372 1165 479 1193 rursusne
496 1165 538 1193 non
558 1158 587 1192 est
608 1165 692 1192 omnen
712 1150 779 1192 conie-

65 1229 133 1271 etum,
148 1221 248 1277 scripsisse
262 1237 344 1265 rauuurr
357 1228 394 1266 που
407 1224 517 1276 ἀναλῦσαι,
530 1224 586 1281 quod
601 1225 656 1282 apud
670 1226 736 1268 solum
751 1226 780 1267 le-

66 1296 120 1351 gitur
138 1311 252 1339 oureuunrr.
285 1298 310 1338 Et
329 1298 429 1340 formulae
448 1298 485 1354 τήν
504 1299 616 1353 ἐπιθυμίαν
634 1299 689 1355 ἔχων
708 1300 780 1342 subiici

67 1370 127 1411 etiam
148 1371 236 1425 potuisse
258 1373 430 1428 Praepositienem
454 1376 491 1425 εἰς,
515 1373 624 1416 ostendunt
645 1390 741 1419 wonrms
762 1384 782 1418 et

67 1445 172 1499 scriptores
190 1445 216 1486 ab
234 1446 270 1487 iilo
289 1447 372 1490 laudati.
402 1447 781 1502 116νεὼνααίσῐιιαῗναλῦσαιῖίοσίσ

66 1518 174 1573 disputavit
185 1533 307 1581 onranunus
322 1520 361 1579 (2),
374 1523 480 1564 notionem
490 1523 617 1565 discedendi
626 1525 659 1566 rel
666 1526 783 1584 azagrandz'

68 1593 86 1633 ei
105 1593 219 1646 vindicans,
239 1603 261 1637 ut
278 1597 347 1654 imago
366 1605 432 1641 sumta
448 1599 473 1640 sit
490 1614 502 1641 a
519 1599 617 1651 tentorio,
637 1600 694 1642 cuius
712 1601 782 1652 funes,

68 1667 99 1707 vel
114 1682 125 1708 a
138 1669 234 1721 naribus,
250 1685 338 1726 quarum
352 1673 448 1715 rudentes
461 1674 572 1716 solvantur.
603 1674 640 1716 Cui
652 1674 782 1732 disputationi

65 1741 147 1795 pondus
163 1743 240 1785 addunt
261 1745 302 1787 loci
323 1748 402 1789 excitati
424 1763 435 1790 a
456 1763 527 1799 eosro,
547 1764 674 1802 annumero,
691 1766 783 1802 narrare,

68 1828 193 1872 quamquam
209 1826 228 1859 et
242 1822 335 1877 usurpari
350 1829 434 1876 possunt
450 1821 475 1865 ad
492 1822 604 1880 imaginem
618 1840 630 1867 a
644 1826 737 1868 convivio
751 1841 783 1868 re-

68 1890 185 1944 petendam:
209 1894 237 1934 uti
253 1893 330 1937 dictum
345 1911 430 1938 nenium
446 1894 487 1955 (3):
508 1898 611 1956 αίσπερσῧν
630 1900 652 1942 ἒα
670 1902 784 1956 συμποσίου

68 1964 177 2018 α’νέλυσαν,
195 1975 215 2009 ct
232 1969 297 2011 simile
315 1984 380 2012 aucun
396 1986 440 2027 cap.
459 1974 507 2015 XII:
524 1978 552 2019 3ss
571 1975 596 2026 de
612 1974 671 2018 hero:
690 1974 785 2020 α’ναλιίσει

69 2041 91 2081 ἒυ
103 2045 144 2083 τῶν
156 2040 234 2097 μίμων.
264 2045 288 2086 Iu
305 2047 424 2089 memoriam
442 2062 525 2105 quoque
542 2066 637 2093 reuocare
653 2036 721 2108 placet
737 2067 785 2094 run-

69 2129 129 2156 roms
141 2118 203 2161 verba
214 2120 318 2164 notissima
330 2123 352 2164 in
365 2122 429 2180 Apol.
443 2137 501 2166 soca.
514 2140 535 2181 p.
550 2129 585 2177 40,
599 2126 634 2168 ubi
648 2127 683 2170 τίν
694 2126 785 2170 aevaeo

69 2189 129 2232 simul
139 2199 159 2233 et
167 2193 235 2251 κέρδος
243 2195 302 2247 dicit,
312 2203 332 2239 ct
340 2197 472 2256 α’πσδυμῆσαι
481 2199 564 2243 ἐνθένδε
572 2203 600 2251 εἰς
610 2197 671 2245 ἄλλον
679 2198 746 2246 τόπον.
753 2199 784 2259 (4)

94 2342 116 2385 (l)
128 2346 154 2378 De
166 2347 242 2382 Βασίμα,
255 2351 318 2384 Christ.
331 2352 364 2384 Lib.
377 2354 406 2385 III.
419 2365 451 2397 cap.
464 2357 479 2385 2.

94 2401 118 2447 (ἓ)
132 2409 171 2450 θμμ.
186 2411 227 2442 θυιί,
240 2423 256 2455 p.
268 2413 291 2443 45
302 2425 336 2456 sqq.
349 2420 365 2444 et
376 2413 395 2445 ad
406 2423 453 2444 uano.
465 2424 521 2447 aaron.
533 2428 549 2458 p.
561 2418 600 2448 319.
613 2419 637 2455 Cf.
647 2427 744 2450 sarnanum.
753 2418 764 2449 1.
774 2431 787 2450 e.

72 2464 112 2496 Part.
125 2467 151 2498 IV.
163 2480 179 2511 p.
193 2474 225 2504 181
238 2485 272 2517 sqq⁴

96 2525 118 2570 (8)
132 2528 180 2562 Vara.
193 2534 239 2565 nist.
253 2535 286 2567 tib.
299 2537 325 2568 lv.
339 2547 371 2579 cop.
384 2538 416 2577 23,
429 2536 458 2568 ubi
465 2537 530 2580 degatur
542 2547 634 2571 enarremus.

96 2586 121 2633 (4)
132 2589 185 2621 Dnosn
199 2593 295 2639 aliorumque
309 2599 409 2639 sententiam,
424 2599 497 2631 activum
511 2600 599 2635 dormitione
611 2603 709 2646 proPassiro
722 2605 789 2647 positum

74 2660 113 2689 csse,
130 2652 176 2684 etiam
192 2662 251 2688 secutus
268 2666 290 2689 est
302 2660 380 2702 Interpres
395 2661 494 2701 vernaculus,
510 2663 578 2696 scribens
591 2665 681 2699 onrtoooen
693 2670 708 2696 te
719 2665 789 2696 mordear.

657 2730 689 2769 7²}
