<?xml version="1.0" encoding="UTF-8"?>
<!DOCTYPE html PUBLIC "-//W3C//DTD XHTML 1.0 Transitional//EN"
    "http://www.w3.org/TR/xhtml1/DTD/xhtml1-transitional.dtd">
<html xmlns="http://www.w3.org/1999/xhtml" xml:lang="en" lang="en">
 <head>
  <title>
</title>
<meta http-equiv="Content-Type" content="text/html;charset=utf-8" />
  <meta name='ocr-system' content='tesseract 3.04.00' />
  <meta name='ocr-capabilities' content='ocr_page ocr_carea ocr_par ocr_line ocrx_word'/>
</head>
<body>
  <div class='ocr_page' id='page_1' title='image "./MN41518ucmf_1_0151.png"; bbox 0 0 1650 2790; ppageno 0'>
   <div class='ocr_carea' id='block_1_1' title="bbox 277 24 748 76">
    <p class='ocr_par' dir='ltr' id='par_1_1' title="bbox 277 24 748 76">
     <span class='ocr_line' id='line_1_1' title="bbox 277 24 748 76; baseline 0 -11"><span class='ocrx_word' id='word_1_1' title='bbox 277 39 321 67; x_wconf 73' lang='lat' dir='ltr'>cur.</span> <span class='ocrx_word' id='word_1_2' title='bbox 337 24 363 67; x_wconf 81' lang='lat' dir='ltr'>ll,</span> <span class='ocrx_word' id='word_1_3' title='bbox 380 39 435 67; x_wconf 84' lang='lat' dir='ltr'>vuns.</span> <span class='ocrx_word' id='word_1_4' title='bbox 454 28 472 76; x_wconf 82' lang='lat'>1,</span> <span class='ocrx_word' id='word_1_5' title='bbox 489 29 509 66; x_wconf 78' lang='lat'>2.</span> <span class='ocrx_word' id='word_1_6' title='bbox 710 25 748 66; x_wconf 75' lang='lat'>127</span> 
     </span>
    </p>
   </div>
   <div class='ocr_carea' id='block_1_2' title="bbox 37 146 808 2375">
    <p class='ocr_par' dir='ltr' id='par_1_2' title="bbox 37 146 808 2375">
     <span class='ocr_line' id='line_1_2' title="bbox 38 146 751 205; baseline -0.006 -12"><span class='ocrx_word' id='word_1_7' title='bbox 38 162 117 193; x_wconf 85' lang='lat' dir='ltr'>morem</span> <span class='ocrx_word' id='word_1_8' title='bbox 133 147 232 205; x_wconf 77' lang='lat' dir='ltr'><strong>gerimus,</strong></span> <span class='ocrx_word' id='word_1_9' title='bbox 249 154 268 189; x_wconf 93' lang='lat' dir='ltr'>et</span> <span class='ocrx_word' id='word_1_10' title='bbox 281 147 350 191; x_wconf 87' lang='lat' dir='ltr'>Verbo</span> <span class='ocrx_word' id='word_1_11' title='bbox 360 146 441 205; x_wconf 76' lang='grc' dir='ltr'><em>πληρόω</em></span> <span class='ocrx_word' id='word_1_12' title='bbox 455 163 512 191; x_wconf 83' lang='lat' dir='ltr'>suam</span> <span class='ocrx_word' id='word_1_13' title='bbox 525 146 632 191; x_wconf 71' lang='lat' dir='ltr'>tribuimus</span> <span class='ocrx_word' id='word_1_14' title='bbox 640 146 751 196; x_wconf 82' lang='lat' dir='ltr'>notionem,</span> 
     </span>
     <span class='ocr_line' id='line_1_3' title="bbox 39 221 752 280; baseline -0.006 -12"><span class='ocrx_word' id='word_1_15' title='bbox 39 225 100 268; x_wconf 86' lang='lat' dir='ltr'>etiam</span> <span class='ocrx_word' id='word_1_16' title='bbox 113 238 157 280; x_wconf 86' lang='lat' dir='ltr'>cap.</span> <span class='ocrx_word' id='word_1_17' title='bbox 172 223 210 267; x_wconf 80' lang='lat' dir='ltr'>lV:</span> <span class='ocrx_word' id='word_1_18' title='bbox 227 224 266 272; x_wconf 79' lang='lat'>18,</span> <span class='ocrx_word' id='word_1_19' title='bbox 283 225 316 265; x_wconf 83' lang='lat'>19.</span> <span class='ocrx_word' id='word_1_20' title='bbox 331 221 410 266; x_wconf 77' lang='lat' dir='ltr'>Iouna.</span> <span class='ocrx_word' id='word_1_21' title='bbox 425 224 465 265; x_wconf 90' lang='lat' dir='ltr'>Ill:</span> <span class='ocrx_word' id='word_1_22' title='bbox 479 227 514 267; x_wconf 83' lang='lat'>29.</span> <span class='ocrx_word' id='word_1_23' title='bbox 529 223 592 267; x_wconf 79' lang='lat' dir='ltr'>ltom.</span> <span class='ocrx_word' id='word_1_24' title='bbox 606 224 652 268; x_wconf 90' lang='lat' dir='ltr'>XV:</span> <span class='ocrx_word' id='word_1_25' title='bbox 663 225 690 265; x_wconf 84' lang='lat'>13</span> <span class='ocrx_word' id='word_1_26' title='bbox 704 238 752 265; x_wconf 91' lang='lat' dir='ltr'>con-</span> 
     </span>
     <span class='ocr_line' id='line_1_4' title="bbox 39 298 753 357; baseline -0.006 -14"><span class='ocrx_word' id='word_1_27' title='bbox 39 300 136 357; x_wconf 79' lang='lat' dir='ltr'>spicuam.</span> <span class='ocrx_word' id='word_1_28' title='bbox 157 299 213 340; x_wconf 88' lang='lat' dir='ltr'>Haec</span> <span class='ocrx_word' id='word_1_29' title='bbox 224 305 294 340; x_wconf 79' lang='lat' dir='ltr'>autem</span> <span class='ocrx_word' id='word_1_30' title='bbox 307 313 355 340; x_wconf 91' lang='lat' dir='ltr'>oum</span> <span class='ocrx_word' id='word_1_31' title='bbox 370 300 500 356; x_wconf 87' lang='lat' dir='ltr'>sequentihus</span> <span class='ocrx_word' id='word_1_32' title='bbox 513 300 623 342; x_wconf 84' lang='lat' dir='ltr'>arctissime</span> <span class='ocrx_word' id='word_1_33' title='bbox 635 298 753 346; x_wconf 75' lang='lat' dir='ltr'>cohaerent,</span> 
     </span>
     <span class='ocr_line' id='line_1_5' title="bbox 39 373 753 433; baseline -0.003 -16"><span class='ocrx_word' id='word_1_34' title='bbox 39 374 90 417; x_wconf 84' lang='lat' dir='ltr'>acsi</span> <span class='ocrx_word' id='word_1_35' title='bbox 104 373 202 430; x_wconf 87' lang='lat' dir='ltr'>scriptum</span> <span class='ocrx_word' id='word_1_36' title='bbox 218 373 243 414; x_wconf 90' lang='lat' dir='ltr'>sit</span> <span class='ocrx_word' id='word_1_37' title='bbox 257 374 324 432; x_wconf 71' lang='grc' dir='ltr'><strong><em>χοροῖν</em></strong></span> <span class='ocrx_word' id='word_1_38' title='bbox 336 374 423 433; x_wconf 69' lang='grc' dir='ltr'><strong><em>ταύτην,</em></strong></span> <span class='ocrx_word' id='word_1_39' title='bbox 436 375 492 432; x_wconf 87' lang='lat' dir='ltr'>quod</span> <span class='ocrx_word' id='word_1_40' title='bbox 508 375 635 426; x_wconf 84' lang='lat' dir='ltr'>Pronomen‚</span> <span class='ocrx_word' id='word_1_41' title='bbox 649 376 753 417; x_wconf 79' lang='lat' dir='ltr'>antePar-</span> 
     </span>
     <span class='ocr_line' id='line_1_6' title="bbox 38 449 752 506; baseline -0.003 -14"><span class='ocrx_word' id='word_1_42' title='bbox 38 450 123 492; x_wconf 73' lang='lat' dir='ltr'>ticulum</span> <span class='ocrx_word' id='word_1_43' title='bbox 135 454 178 500; x_wconf 75' lang='lat' dir='ltr'>tvo,</span> <span class='ocrx_word' id='word_1_44' title='bbox 191 463 248 491; x_wconf 91' lang='lat' dir='ltr'>nnuc</span> <span class='ocrx_word' id='word_1_45' title='bbox 263 463 379 506; x_wconf 82' lang='lat' dir='ltr'>expressum</span> <span class='ocrx_word' id='word_1_46' title='bbox 394 458 433 501; x_wconf 75' lang='lat' dir='ltr'>cst,</span> <span class='ocrx_word' id='word_1_47' title='bbox 447 450 478 490; x_wconf 90' lang='lat' dir='ltr'>uti</span> <span class='ocrx_word' id='word_1_48' title='bbox 491 449 569 491; x_wconf 82' lang='lat' dir='ltr'>Iooun.</span> <span class='ocrx_word' id='word_1_49' title='bbox 584 450 633 493; x_wconf 90' lang='lat' dir='ltr'>XV:</span> <span class='ocrx_word' id='word_1_50' title='bbox 648 454 669 493; x_wconf 87' lang='lat'>8.</span> <span class='ocrx_word' id='word_1_51' title='bbox 684 450 752 496; x_wconf 88' lang='lat' dir='ltr'>XVII:</span> 
     </span>
     <span class='ocr_line' id='line_1_7' title="bbox 40 524 754 581; baseline -0.007 -11"><span class='ocrx_word' id='word_1_52' title='bbox 40 531 66 578; x_wconf 83' lang='lat'>3,</span> <span class='ocrx_word' id='word_1_53' title='bbox 84 541 151 576; x_wconf 75' lang='lat' dir='ltr'>nunc,</span> <span class='ocrx_word' id='word_1_54' title='bbox 165 525 196 566; x_wconf 89' lang='lat' dir='ltr'>nti</span> <span class='ocrx_word' id='word_1_55' title='bbox 210 524 288 567; x_wconf 81' lang='grc' dir='ltr'><strong><em>Ιοοοντ.</em></strong></span> <span class='ocrx_word' id='word_1_56' title='bbox 304 527 343 570; x_wconf 91' lang='lat' dir='ltr'>IV:</span> <span class='ocrx_word' id='word_1_57' title='bbox 360 529 395 568; x_wconf 83' lang='lat'>34.</span> <span class='ocrx_word' id='word_1_58' title='bbox 417 528 427 565; x_wconf 90' lang='lat'>1</span> <span class='ocrx_word' id='word_1_59' title='bbox 447 525 497 569; x_wconf 79' lang='lat' dir='ltr'>Gor.</span> <span class='ocrx_word' id='word_1_60' title='bbox 513 525 551 569; x_wconf 89' lang='lat' dir='ltr'>IV:</span> <span class='ocrx_word' id='word_1_61' title='bbox 570 528 594 575; x_wconf 82' lang='lat'>3,</span> <span class='ocrx_word' id='word_1_62' title='bbox 611 540 653 566; x_wconf 92' lang='lat' dir='ltr'>non</span> <span class='ocrx_word' id='word_1_63' title='bbox 672 539 754 581; x_wconf 77' lang='lat' dir='ltr'>expres-</span> 
     </span>
     <span class='ocr_line' id='line_1_8' title="bbox 39 599 756 659; baseline -0.003 -15"><span class='ocrx_word' id='word_1_64' title='bbox 39 617 91 653; x_wconf 89' lang='lat' dir='ltr'>sum,</span> <span class='ocrx_word' id='word_1_65' title='bbox 106 601 141 644; x_wconf 86' lang='lat' dir='ltr'>sed</span> <span class='ocrx_word' id='word_1_66' title='bbox 156 601 320 659; x_wconf 86' lang='lat' dir='ltr'>intelligendum.</span> <span class='ocrx_word' id='word_1_67' title='bbox 336 600 422 657; x_wconf 74' lang='lat' dir='ltr'>Scripsit</span> <span class='ocrx_word' id='word_1_68' title='bbox 434 615 508 655; x_wconf 88' lang='lat' dir='ltr'>nempe</span> <span class='ocrx_word' id='word_1_69' title='bbox 517 615 603 642; x_wconf 71' lang='lat' dir='ltr'>munus:</span> <span class='ocrx_word' id='word_1_70' title='bbox 617 606 652 646; x_wconf 78' lang='lat' dir='ltr'>‘tvo</span> <span class='ocrx_word' id='word_1_71' title='bbox 667 599 691 644; x_wconf 77' lang='lat' dir='ltr'>mi</span> <span class='ocrx_word' id='word_1_72' title='bbox 708 599 756 644; x_wconf 73' lang='grc' dir='ltr'>αὐτὸ</span> 
     </span>
     <span class='ocr_line' id='line_1_9' title="bbox 39 672 756 735; baseline -0.004 -15"><span class='ocrx_word' id='word_1_73' title='bbox 39 681 136 735; x_wconf 73' lang='grc' dir='ltr'><strong><em>φρονῆτε,</em></strong></span> <span class='ocrx_word' id='word_1_74' title='bbox 157 676 194 733; x_wconf 63' lang='grc' dir='ltr'>τήν</span> <span class='ocrx_word' id='word_1_75' title='bbox 213 675 276 731; x_wconf 66' lang='lat' dir='ltr'>noerio</span> <span class='ocrx_word' id='word_1_76' title='bbox 299 673 378 732; x_wconf 72' lang='grc' dir='ltr'>νῖγοῖτιην</span> <span class='ocrx_word' id='word_1_77' title='bbox 394 676 481 730; x_wconf 69' lang='grc' dir='ltr'><strong><em>ἔχοντες,</em></strong></span> <span class='ocrx_word' id='word_1_78' title='bbox 497 672 615 730; x_wconf 56' lang='lat' dir='ltr'>altmuzor,</span> <span class='ocrx_word' id='word_1_79' title='bbox 632 674 656 718; x_wconf 64' lang='lat' dir='ltr'>ao*</span> <span class='ocrx_word' id='word_1_80' title='bbox 669 676 690 717; x_wconf 76' lang='grc' dir='ltr'>’ἐν</span> <span class='ocrx_word' id='word_1_81' title='bbox 706 691 756 732; x_wconf 77' lang='grc' dir='ltr'><strong><em>φρο-</em></strong></span> 
     </span>
     <span class='ocr_line' id='line_1_10' title="bbox 38 750 808 808; baseline -0.008 -11"><span class='ocrx_word' id='word_1_82' title='bbox 38 758 121 804; x_wconf 74' lang='grc' dir='ltr'><strong><em>νοῦντες.</em></strong></span> <span class='ocrx_word' id='word_1_83' title='bbox 147 751 188 793; x_wconf 81' lang='lat' dir='ltr'>Set</span> <span class='ocrx_word' id='word_1_84' title='bbox 202 751 293 808; x_wconf 72' lang='lat' dir='ltr'>quaestio</span> <span class='ocrx_word' id='word_1_85' title='bbox 308 766 364 793; x_wconf 90' lang='lat' dir='ltr'>nunc</span> <span class='ocrx_word' id='word_1_86' title='bbox 380 759 419 802; x_wconf 87' lang='lat' dir='ltr'>est,</span> <span class='ocrx_word' id='word_1_87' title='bbox 436 758 507 792; x_wconf 89' lang='lat' dir='ltr'>utrum</span> <span class='ocrx_word' id='word_1_88' title='bbox 521 758 592 793; x_wconf 88' lang='lat' dir='ltr'>auctor</span> <span class='ocrx_word' id='word_1_89' title='bbox 603 750 757 808; x_wconf 74' lang='lat' dir='ltr'>Philippensi·</span> <span class='ocrx_word' id='word_1_90' title='bbox 807 801 808 804; x_wconf 11' lang='grc' dir='ltr'><strong>Ἴ</strong></span> 
     </span>
     <span class='ocr_line' id='line_1_11' title="bbox 39 825 757 881; baseline -0.004 -12"><span class='ocrx_word' id='word_1_91' title='bbox 39 829 76 869; x_wconf 82' lang='lat' dir='ltr'>bus</span> <span class='ocrx_word' id='word_1_92' title='bbox 97 828 174 870; x_wconf 81' lang='lat' dir='ltr'>diversa</span> <span class='ocrx_word' id='word_1_93' title='bbox 194 826 259 868; x_wconf 80' lang='lat' dir='ltr'>ollicia</span> <span class='ocrx_word' id='word_1_94' title='bbox 277 826 411 881; x_wconf 77' lang='lat' dir='ltr'>praescribat,</span> <span class='ocrx_word' id='word_1_95' title='bbox 429 841 455 868; x_wconf 84' lang='lat' dir='ltr'>an</span> <span class='ocrx_word' id='word_1_96' title='bbox 473 826 555 867; x_wconf 78' lang='lat' dir='ltr'>dirersis</span> <span class='ocrx_word' id='word_1_97' title='bbox 568 825 650 868; x_wconf 89' lang='lat' dir='ltr'>dicendi</span> <span class='ocrx_word' id='word_1_98' title='bbox 664 826 757 867; x_wconf 77' lang='lat' dir='ltr'>formulis</span> 
     </span>
     <span class='ocr_line' id='line_1_12' title="bbox 40 898 757 958; baseline -0.003 -14"><span class='ocrx_word' id='word_1_99' title='bbox 40 918 73 944; x_wconf 93' lang='lat' dir='ltr'>eos</span> <span class='ocrx_word' id='word_1_100' title='bbox 87 902 113 944; x_wconf 80' lang='lat' dir='ltr'>ad</span> <span class='ocrx_word' id='word_1_101' title='bbox 128 901 219 944; x_wconf 79' lang='lat' dir='ltr'>eiusdem</span> <span class='ocrx_word' id='word_1_102' title='bbox 232 901 293 943; x_wconf 85' lang='lat' dir='ltr'>officii</span> <span class='ocrx_word' id='word_1_103' title='bbox 308 898 430 958; x_wconf 67' lang='lat' dir='ltr'><strong>religionem</strong></span> <span class='ocrx_word' id='word_1_104' title='bbox 443 902 541 958; x_wconf 85' lang='lat' dir='ltr'>impellat.</span> <span class='ocrx_word' id='word_1_105' title='bbox 572 903 611 943; x_wconf 88' lang='lat' dir='ltr'>Pro</span> <span class='ocrx_word' id='word_1_106' title='bbox 626 902 661 944; x_wconf 86' lang='lat' dir='ltr'>illa</span> <span class='ocrx_word' id='word_1_107' title='bbox 673 902 757 957; x_wconf 85' lang='lat' dir='ltr'>quidem</span> 
     </span>
     <span class='ocr_line' id='line_1_13' title="bbox 40 977 758 1034; baseline -0.004 -14"><span class='ocrx_word' id='word_1_108' title='bbox 40 986 97 1034; x_wconf 83' lang='lat' dir='ltr'>parte</span> <span class='ocrx_word' id='word_1_109' title='bbox 119 992 181 1019; x_wconf 88' lang='lat' dir='ltr'>nemo</span> <span class='ocrx_word' id='word_1_110' title='bbox 203 977 295 1033; x_wconf 81' lang='lat' dir='ltr'>argutius</span> <span class='ocrx_word' id='word_1_111' title='bbox 316 977 425 1033; x_wconf 82' lang='lat' dir='ltr'>disputarit</span> <span class='ocrx_word' id='word_1_112' title='bbox 444 992 506 1034; x_wconf 86' lang='lat' dir='ltr'>quam</span> <span class='ocrx_word' id='word_1_113' title='bbox 525 991 650 1028; x_wconf 73' lang='lat' dir='ltr'>renouatus,</span> <span class='ocrx_word' id='word_1_114' title='bbox 670 985 758 1033; x_wconf 80' lang='lat' dir='ltr'>quatuor</span> 
     </span>
     <span class='ocr_line' id='line_1_14' title="bbox 39 1041 780 1108; baseline -0.003 -14"><span class='ocrx_word' id='word_1_115' title='bbox 39 1053 106 1095; x_wconf 87' lang='lat' dir='ltr'>nervis</span> <span class='ocrx_word' id='word_1_116' title='bbox 120 1053 196 1097; x_wconf 80' lang='lat' dir='ltr'>Versus</span> <span class='ocrx_word' id='word_1_117' title='bbox 209 1052 271 1108; x_wconf 87' lang='lat' dir='ltr'>primi</span> <span class='ocrx_word' id='word_1_118' title='bbox 289 1060 376 1108; x_wconf 88' lang='lat' dir='ltr'>quatuor</span> <span class='ocrx_word' id='word_1_119' title='bbox 391 1054 457 1097; x_wconf 82' lang='lat' dir='ltr'>Versu</span> <span class='ocrx_word' id='word_1_120' title='bbox 468 1052 557 1095; x_wconf 86' lang='lat' dir='ltr'>secundo</span> <span class='ocrx_word' id='word_1_121' title='bbox 569 1052 692 1108; x_wconf 85' lang='lat' dir='ltr'>respondere</span> <span class='ocrx_word' id='word_1_122' title='bbox 702 1053 757 1095; x_wconf 83' lang='lat' dir='ltr'>aiens</span> <span class='ocrx_word' id='word_1_123' title='bbox 777 1041 780 1047; x_wconf 44' lang='lat'><strong>¹</strong></span> 
     </span>
     <span class='ocr_line' id='line_1_15' title="bbox 40 1127 757 1184; baseline -0.001 -15"><span class='ocrx_word' id='word_1_124' title='bbox 40 1129 128 1179; x_wconf 84' lang='lat' dir='ltr'>fructus,</span> <span class='ocrx_word' id='word_1_125' title='bbox 144 1128 216 1169; x_wconf 83' lang='lat' dir='ltr'>eodem</span> <span class='ocrx_word' id='word_1_126' title='bbox 229 1127 306 1170; x_wconf 85' lang='lat' dir='ltr'>ordine.</span> <span class='ocrx_word' id='word_1_127' title='bbox 338 1128 410 1180; x_wconf 78' lang='lat' dir='ltr'>Quod,</span> <span class='ocrx_word' id='word_1_128' title='bbox 426 1137 450 1170; x_wconf 90' lang='lat' dir='ltr'>ut</span> <span class='ocrx_word' id='word_1_129' title='bbox 461 1143 556 1184; x_wconf 77' lang='lat' dir='ltr'>perversa</span> <span class='ocrx_word' id='word_1_130' title='bbox 567 1127 757 1169; x_wconf 75' lang='lat' dir='ltr'>nititurterborum</span> 
     </span>
     <span class='ocr_line' id='line_1_16' title="bbox 39 1203 758 1260; baseline -0.001 -16"><span class='ocrx_word' id='word_1_131' title='bbox 39 1203 218 1258; x_wconf 78' lang='lat' dir='ltr'>interpretatione,</span> <span class='ocrx_word' id='word_1_132' title='bbox 240 1203 268 1245; x_wconf 89' lang='lat' dir='ltr'>sic</span> <span class='ocrx_word' id='word_1_133' title='bbox 285 1203 391 1254; x_wconf 84' lang='lat' dir='ltr'>orationis,</span> <span class='ocrx_word' id='word_1_134' title='bbox 412 1211 513 1245; x_wconf 90' lang='lat' dir='ltr'>commoto</span> <span class='ocrx_word' id='word_1_135' title='bbox 534 1203 643 1245; x_wconf 79' lang='lat' dir='ltr'>exanimo</span> <span class='ocrx_word' id='word_1_136' title='bbox 660 1210 758 1260; x_wconf 79' lang='lat' dir='ltr'>tanquam</span> 
     </span>
     <span class='ocr_line' id='line_1_17' title="bbox 41 1277 758 1334; baseline -0.001 -15"><span class='ocrx_word' id='word_1_137' title='bbox 41 1286 136 1333; x_wconf 74' lang='lat' dir='ltr'>emptae,</span> <span class='ocrx_word' id='word_1_138' title='bbox 157 1293 239 1320; x_wconf 90' lang='lat' dir='ltr'>omnem</span> <span class='ocrx_word' id='word_1_139' title='bbox 262 1279 304 1319; x_wconf 78' lang='lat' dir='ltr'>rim</span> <span class='ocrx_word' id='word_1_140' title='bbox 319 1286 339 1318; x_wconf 89' lang='lat' dir='ltr'>ct</span> <span class='ocrx_word' id='word_1_141' title='bbox 359 1279 478 1334; x_wconf 79' lang='lat' dir='ltr'>gravitatem</span> <span class='ocrx_word' id='word_1_142' title='bbox 494 1279 555 1321; x_wconf 92' lang='lat' dir='ltr'>tollit.</span> <span class='ocrx_word' id='word_1_143' title='bbox 585 1278 659 1320; x_wconf 87' lang='lat' dir='ltr'>Lenius</span> <span class='ocrx_word' id='word_1_144' title='bbox 675 1277 758 1334; x_wconf 85' lang='lat' dir='ltr'>quidem</span> 
     </span>
     <span class='ocr_line' id='line_1_18' title="bbox 41 1351 759 1410; baseline 0.001 -16"><span class='ocrx_word' id='word_1_145' title='bbox 41 1351 214 1408; x_wconf 83' lang='lat' dir='ltr'>reprehendendi,</span> <span class='ocrx_word' id='word_1_146' title='bbox 230 1367 269 1394; x_wconf 90' lang='lat' dir='ltr'>nec</span> <span class='ocrx_word' id='word_1_147' title='bbox 285 1360 353 1394; x_wconf 86' lang='lat' dir='ltr'>tamen</span> <span class='ocrx_word' id='word_1_148' title='bbox 368 1352 464 1394; x_wconf 81' lang='lat' dir='ltr'>audiendi</span> <span class='ocrx_word' id='word_1_149' title='bbox 478 1354 759 1410; x_wconf 76' lang='lat' dir='ltr'>sunt‚q11ioumcnnmuo⁷</span> 
     </span>
     <span class='ocr_line' id='line_1_19' title="bbox 41 1427 760 1483; baseline 0 -14"><span class='ocrx_word' id='word_1_150' title='bbox 41 1443 102 1478; x_wconf 73' lang='lat' dir='ltr'>nutu,</span> <span class='ocrx_word' id='word_1_151' title='bbox 119 1442 314 1478; x_wconf 79' lang='lat' dir='ltr'>sroun10‚nmrro</span> <span class='ocrx_word' id='word_1_152' title='bbox 328 1428 439 1483; x_wconf 88' lang='lat' dir='ltr'>multisque</span> <span class='ocrx_word' id='word_1_153' title='bbox 455 1427 499 1469; x_wconf 87' lang='lat' dir='ltr'>aliis</span> <span class='ocrx_word' id='word_1_154' title='bbox 512 1427 650 1478; x_wconf 85' lang='lat' dir='ltr'>contendunt,</span> <span class='ocrx_word' id='word_1_155' title='bbox 667 1428 760 1471; x_wconf 85' lang='lat' dir='ltr'>formulis</span> 
     </span>
     <span class='ocr_line' id='line_1_20' title="bbox 37 1502 760 1561; baseline -0.004 -14"><span class='ocrx_word' id='word_1_156' title='bbox 37 1508 72 1547; x_wconf 76' lang='lat' dir='ltr'>‘tvo</span> <span class='ocrx_word' id='word_1_157' title='bbox 82 1503 108 1547; x_wconf 83' lang='grc' dir='ltr'>’τό</span> <span class='ocrx_word' id='word_1_158' title='bbox 122 1503 172 1546; x_wconf 71' lang='lat' dir='ltr'>nord</span> <span class='ocrx_word' id='word_1_159' title='bbox 187 1506 273 1561; x_wconf 73' lang='grc' dir='ltr'><strong><em>φρονῆτε</em></strong></span> <span class='ocrx_word' id='word_1_160' title='bbox 287 1510 307 1543; x_wconf 90' lang='lat' dir='ltr'>ct</span> <span class='ocrx_word' id='word_1_161' title='bbox 318 1502 341 1544; x_wconf 77' lang='grc' dir='ltr'>το</span> <span class='ocrx_word' id='word_1_162' title='bbox 356 1504 377 1545; x_wconf 73' lang='grc' dir='ltr'>’ἐν</span> <span class='ocrx_word' id='word_1_163' title='bbox 392 1507 520 1558; x_wconf 69' lang='grc' dir='ltr'><strong><em>φρονοῦντι-ς,</em></strong></span> <span class='ocrx_word' id='word_1_164' title='bbox 533 1503 566 1543; x_wconf 73' lang='lat' dir='ltr'>rel</span> <span class='ocrx_word' id='word_1_165' title='bbox 579 1517 650 1544; x_wconf 86' lang='lat' dir='ltr'>carum</span> <span class='ocrx_word' id='word_1_166' title='bbox 662 1504 760 1545; x_wconf 79' lang='lat' dir='ltr'>alterutra</span> 
     </span>
     <span class='ocr_line' id='line_1_21' title="bbox 43 1577 760 1633; baseline -0.003 -13"><span class='ocrx_word' id='word_1_167' title='bbox 43 1594 54 1620; x_wconf 95' lang='grc' dir='ltr'><strong><em>ο</em></strong></span> <span class='ocrx_word' id='word_1_168' title='bbox 72 1581 135 1621; x_wconf 77' lang='lat' dir='ltr'>icium</span> <span class='ocrx_word' id='word_1_169' title='bbox 156 1577 183 1620; x_wconf 78' lang='lat' dir='ltr'>cle</span> <span class='ocrx_word' id='word_1_170' title='bbox 205 1579 307 1621; x_wconf 72' lang='lat' dir='ltr'>doctrino</span> <span class='ocrx_word' id='word_1_171' title='bbox 327 1578 475 1620; x_wconf 75' lang='lat' dir='ltr'>consentiendi</span> <span class='ocrx_word' id='word_1_172' title='bbox 494 1578 587 1633; x_wconf 91' lang='lat' dir='ltr'>proponi.</span> <span class='ocrx_word' id='word_1_173' title='bbox 619 1577 674 1631; x_wconf 81' lang='lat' dir='ltr'>Quid</span> <span class='ocrx_word' id='word_1_174' title='bbox 691 1579 760 1620; x_wconf 73' lang='lat' dir='ltr'>euim?</span> 
     </span>
     <span class='ocr_line' id='line_1_22' title="bbox 42 1652 763 1712; baseline -0.003 -16"><span class='ocrx_word' id='word_1_175' title='bbox 42 1655 115 1696; x_wconf 81' lang='lat' dir='ltr'>Nonne</span> <span class='ocrx_word' id='word_1_176' title='bbox 137 1654 187 1696; x_wconf 84' lang='lat' dir='ltr'>liaeo</span> <span class='ocrx_word' id='word_1_177' title='bbox 206 1654 347 1709; x_wconf 78' lang='lat' dir='ltr'>interpretatio</span> <span class='ocrx_word' id='word_1_178' title='bbox 363 1653 385 1695; x_wconf 89' lang='lat' dir='ltr'>in</span> <span class='ocrx_word' id='word_1_179' title='bbox 400 1667 461 1694; x_wconf 92' lang='lat' dir='ltr'>omne</span> <span class='ocrx_word' id='word_1_180' title='bbox 476 1652 572 1694; x_wconf 84' lang='lat' dir='ltr'>orationis</span> <span class='ocrx_word' id='word_1_181' title='bbox 587 1660 607 1712; x_wconf 79' lang='lat' dir='ltr'>et</span> <span class='ocrx_word' id='word_1_182' title='bbox 621 1654 763 1710; x_wconf 86' lang='lat' dir='ltr'>praecedentis</span> 
     </span>
     <span class='ocr_line' id='line_1_23' title="bbox 44 1728 762 1785; baseline 0.001 -14"><span class='ocrx_word' id='word_1_183' title='bbox 44 1737 64 1771; x_wconf 87' lang='lat' dir='ltr'>et</span> <span class='ocrx_word' id='word_1_184' title='bbox 76 1730 178 1785; x_wconf 82' lang='lat' dir='ltr'>sequentis</span> <span class='ocrx_word' id='word_1_185' title='bbox 193 1729 280 1772; x_wconf 82' lang='lat' dir='ltr'>incurrit</span> <span class='ocrx_word' id='word_1_186' title='bbox 294 1728 454 1785; x_wconf 75' lang='lat' dir='ltr'>argumentum?</span> <span class='ocrx_word' id='word_1_187' title='bbox 484 1729 557 1769; x_wconf 88' lang='lat' dir='ltr'>Nonne</span> <span class='ocrx_word' id='word_1_188' title='bbox 571 1743 594 1769; x_wconf 86' lang='lat' dir='ltr'>ea</span> <span class='ocrx_word' id='word_1_189' title='bbox 608 1744 674 1771; x_wconf 76' lang='lat' dir='ltr'>inuno</span> <span class='ocrx_word' id='word_1_190' title='bbox 689 1730 762 1772; x_wconf 83' lang='lat' dir='ltr'>admo-</span> 
     </span>
     <span class='ocr_line' id='line_1_24' title="bbox 43 1803 762 1861; baseline 0.001 -17"><span class='ocrx_word' id='word_1_191' title='bbox 43 1803 143 1846; x_wconf 89' lang='lat' dir='ltr'>nitionem</span> <span class='ocrx_word' id='word_1_192' title='bbox 159 1804 241 1855; x_wconf 80' lang='lat' dir='ltr'>tribuit,</span> <span class='ocrx_word' id='word_1_193' title='bbox 257 1818 310 1859; x_wconf 90' lang='lat' dir='ltr'>quae</span> <span class='ocrx_word' id='word_1_194' title='bbox 319 1803 508 1860; x_wconf 69' lang='lat' dir='ltr'>Philippensibus,</span> <span class='ocrx_word' id='word_1_195' title='bbox 522 1811 624 1859; x_wconf 88' lang='lat' dir='ltr'>quantum</span> <span class='ocrx_word' id='word_1_196' title='bbox 636 1820 660 1845; x_wconf 79' lang='lat' dir='ltr'>er</span> <span class='ocrx_word' id='word_1_197' title='bbox 668 1804 762 1861; x_wconf 78' lang='lat' dir='ltr'>hacEpi-</span> 
     </span>
     <span class='ocr_line' id='line_1_25' title="bbox 44 1878 763 1935; baseline 0 -15"><span class='ocrx_word' id='word_1_198' title='bbox 44 1879 94 1920; x_wconf 85' lang='lat' dir='ltr'>stola</span> <span class='ocrx_word' id='word_1_199' title='bbox 112 1878 257 1935; x_wconf 76' lang='lat' dir='ltr'>intelligimuS‚</span> <span class='ocrx_word' id='word_1_200' title='bbox 275 1893 424 1934; x_wconf 82' lang='lat' dir='ltr'>supervacanea</span> <span class='ocrx_word' id='word_1_201' title='bbox 439 1878 501 1920; x_wconf 77' lang='lat' dir='ltr'>luisse</span> <span class='ocrx_word' id='word_1_202' title='bbox 515 1879 610 1920; x_wconf 74' lang='lat' dir='ltr'>ridetur?</span> <span class='ocrx_word' id='word_1_203' title='bbox 640 1879 673 1921; x_wconf 82' lang='lat' dir='ltr'>An</span> <span class='ocrx_word' id='word_1_204' title='bbox 689 1880 763 1922; x_wconf 80' lang='lat' dir='ltr'>verisi—</span> 
     </span>
     <span class='ocr_line' id='line_1_26' title="bbox 45 1952 763 2009; baseline 0.003 -14"><span class='ocrx_word' id='word_1_205' title='bbox 45 1954 94 1995; x_wconf 85' lang='lat' dir='ltr'>mile</span> <span class='ocrx_word' id='word_1_206' title='bbox 107 1954 143 2005; x_wconf 83' lang='lat' dir='ltr'>sit‚</span> <span class='ocrx_word' id='word_1_207' title='bbox 154 1953 286 2009; x_wconf 87' lang='lat' dir='ltr'>Apostolum,</span> <span class='ocrx_word' id='word_1_208' title='bbox 301 1954 317 1994; x_wconf 93' lang='lat' dir='ltr'>si</span> <span class='ocrx_word' id='word_1_209' title='bbox 330 1952 491 1995; x_wconf 83' lang='lat' dir='ltr'>admonitionem</span> <span class='ocrx_word' id='word_1_210' title='bbox 504 1953 562 1996; x_wconf 86' lang='lat' dir='ltr'>illam</span> <span class='ocrx_word' id='word_1_211' title='bbox 576 1954 625 1996; x_wconf 83' lang='lat' dir='ltr'>dare</span> <span class='ocrx_word' id='word_1_212' title='bbox 637 1955 709 2007; x_wconf 79' lang='lat' dir='ltr'>vellet,</span> <span class='ocrx_word' id='word_1_213' title='bbox 718 1963 763 1998; x_wconf 86' lang='lat' dir='ltr'>tan-</span> 
     </span>
     <span class='ocr_line' id='line_1_27' title="bbox 45 2028 764 2089; baseline 0.003 -18"><span class='ocrx_word' id='word_1_214' title='bbox 45 2038 90 2071; x_wconf 90' lang='lat' dir='ltr'>tum</span> <span class='ocrx_word' id='word_1_215' title='bbox 112 2030 237 2085; x_wconf 84' lang='lat' dir='ltr'>scripturum</span> <span class='ocrx_word' id='word_1_216' title='bbox 252 2030 313 2071; x_wconf 78' lang='lat' dir='ltr'>fuisse</span> <span class='ocrx_word' id='word_1_217' title='bbox 328 2028 351 2073; x_wconf 74' lang='lat' dir='ltr'>cti</span> <span class='ocrx_word' id='word_1_218' title='bbox 365 2030 386 2072; x_wconf 78' lang='grc' dir='ltr'>ἓν</span> <span class='ocrx_word' id='word_1_219' title='bbox 401 2033 530 2087; x_wconf 77' lang='grc' dir='ltr'><strong><em>φρονοῦντες,</em></strong></span> <span class='ocrx_word' id='word_1_220' title='bbox 553 2038 609 2073; x_wconf 87' lang='lat' dir='ltr'>certo</span> <span class='ocrx_word' id='word_1_221' title='bbox 625 2031 666 2073; x_wconf 85' lang='lat' dir='ltr'>dici</span> <span class='ocrx_word' id='word_1_222' title='bbox 680 2032 764 2089; x_wconf 81' lang='lat' dir='ltr'>nequit⁷</span> 
     </span>
     <span class='ocr_line' id='line_1_28' title="bbox 46 2104 764 2161; baseline 0.001 -15"><span class='ocrx_word' id='word_1_223' title='bbox 46 2105 144 2161; x_wconf 83' lang='lat' dir='ltr'>quoniam</span> <span class='ocrx_word' id='word_1_224' title='bbox 159 2104 229 2148; x_wconf 87' lang='lat' dir='ltr'>eadem</span> <span class='ocrx_word' id='word_1_225' title='bbox 244 2105 333 2147; x_wconf 79' lang='lat' dir='ltr'>formula</span> <span class='ocrx_word' id='word_1_226' title='bbox 347 2104 396 2146; x_wconf 79' lang='lat' dir='ltr'>alibi</span> <span class='ocrx_word' id='word_1_227' title='bbox 412 2118 454 2145; x_wconf 91' lang='lat' dir='ltr'>nou</span> <span class='ocrx_word' id='word_1_228' title='bbox 466 2119 514 2145; x_wconf 85' lang='lat' dir='ltr'>usus</span> <span class='ocrx_word' id='word_1_229' title='bbox 531 2113 570 2155; x_wconf 88' lang='lat' dir='ltr'>est,</span> <span class='ocrx_word' id='word_1_230' title='bbox 587 2113 608 2147; x_wconf 87' lang='lat' dir='ltr'>at</span> <span class='ocrx_word' id='word_1_231' title='bbox 623 2106 681 2148; x_wconf 82' lang='lat' dir='ltr'>valde</span> <span class='ocrx_word' id='word_1_232' title='bbox 695 2115 764 2149; x_wconf 85' lang='lat' dir='ltr'>tamen</span> 
     </span>
     <span class='ocr_line' id='line_1_29' title="bbox 46 2175 765 2237; baseline 0.004 -17"><span class='ocrx_word' id='word_1_233' title='bbox 46 2179 127 2222; x_wconf 83' lang='lat' dir='ltr'>dubito:</span> <span class='ocrx_word' id='word_1_234' title='bbox 144 2179 179 2222; x_wconf 83' lang='lat' dir='ltr'>sed</span> <span class='ocrx_word' id='word_1_235' title='bbox 192 2180 336 2237; x_wconf 81' lang='lat' dir='ltr'>praecedentia</span> <span class='ocrx_word' id='word_1_236' title='bbox 345 2175 379 2223; x_wconf 74' lang='lat' dir='ltr'>‘iao</span> <span class='ocrx_word' id='word_1_237' title='bbox 391 2180 415 2224; x_wconf 71' lang='lat' dir='ltr'>vei</span> <span class='ocrx_word' id='word_1_238' title='bbox 428 2179 478 2224; x_wconf 66' lang='lat' dir='ltr'>atet</span> <span class='ocrx_word' id='word_1_239' title='bbox 489 2184 588 2237; x_wconf 76' lang='grc' dir='ltr'>φρονῆτε,</span> <span class='ocrx_word' id='word_1_240' title='bbox 602 2181 715 2224; x_wconf 87' lang='lat' dir='ltr'>secundnm</span> <span class='ocrx_word' id='word_1_241' title='bbox 730 2183 765 2223; x_wconf 89' lang='lat' dir='ltr'>lo-</span> 
     </span>
     <span class='ocr_line' id='line_1_30' title="bbox 47 2254 765 2311; baseline -0.001 -15"><span class='ocrx_word' id='word_1_242' title='bbox 47 2256 124 2310; x_wconf 86' lang='lat' dir='ltr'>quendi</span> <span class='ocrx_word' id='word_1_243' title='bbox 139 2270 211 2307; x_wconf 88' lang='lat' dir='ltr'>usum,</span> <span class='ocrx_word' id='word_1_244' title='bbox 230 2255 288 2297; x_wconf 85' lang='lat' dir='ltr'>aliter</span> <span class='ocrx_word' id='word_1_245' title='bbox 304 2254 423 2310; x_wconf 74' lang='lat' dir='ltr'>explicanda</span> <span class='ocrx_word' id='word_1_246' title='bbox 438 2269 490 2305; x_wconf 86' lang='lat' dir='ltr'>esse,</span> <span class='ocrx_word' id='word_1_247' title='bbox 506 2268 530 2295; x_wconf 78' lang='lat' dir='ltr'>cx</span> <span class='ocrx_word' id='word_1_248' title='bbox 545 2255 638 2311; x_wconf 78' lang='lat' dir='ltr'>quinquo</span> <span class='ocrx_word' id='word_1_249' title='bbox 652 2255 701 2297; x_wconf 88' lang='lat' dir='ltr'>locis</span> <span class='ocrx_word' id='word_1_250' title='bbox 710 2255 765 2296; x_wconf 91' lang='lat' dir='ltr'>simi-</span> 
     </span>
     <span class='ocr_line' id='line_1_31' title="bbox 47 2329 763 2375; baseline 0.007 -6"><span class='ocrx_word' id='word_1_251' title='bbox 47 2329 100 2370; x_wconf 85' lang='lat' dir='ltr'>libus</span> <span class='ocrx_word' id='word_1_252' title='bbox 116 2331 178 2374; x_wconf 81' lang='lat' dir='ltr'>Bom.</span> <span class='ocrx_word' id='word_1_253' title='bbox 191 2333 240 2374; x_wconf 84' lang='lat' dir='ltr'>Xll:</span> <span class='ocrx_word' id='word_1_254' title='bbox 258 2334 292 2375; x_wconf 84' lang='lat'>16.</span> <span class='ocrx_word' id='word_1_255' title='bbox 306 2331 354 2375; x_wconf 88' lang='lat' dir='ltr'>XV:</span> <span class='ocrx_word' id='word_1_256' title='bbox 372 2335 391 2374; x_wconf 87' lang='lat'>5.</span> <span class='ocrx_word' id='word_1_257' title='bbox 410 2334 421 2372; x_wconf 87' lang='lat'>2</span> <span class='ocrx_word' id='word_1_258' title='bbox 440 2330 490 2375; x_wconf 75' lang='lat' dir='ltr'>Cor.</span> <span class='ocrx_word' id='word_1_259' title='bbox 505 2330 566 2373; x_wconf 86' lang='lat' dir='ltr'>XHI:</span> <span class='ocrx_word' id='word_1_260' title='bbox 586 2333 619 2374; x_wconf 89' lang='lat'>11.</span> <span class='ocrx_word' id='word_1_261' title='bbox 635 2331 763 2375; x_wconf 64' lang='lat' dir='ltr'>Partim</span> 
     </span>
    </p>
   </div>
   <div class='ocr_carea' id='block_1_3' title="bbox 48 2405 765 2464">
    <p class='ocr_par' dir='ltr' id='par_1_3' title="bbox 48 2405 765 2464">
     <span class='ocr_line' id='line_1_32' title="bbox 48 2405 765 2464; baseline 0.004 -18"><span class='ocrx_word' id='word_1_262' title='bbox 48 2411 79 2454; x_wconf 90' lang='lat' dir='ltr'>et,</span> <span class='ocrx_word' id='word_1_263' title='bbox 95 2413 118 2446; x_wconf 87' lang='lat' dir='ltr'>ut</span> <span class='ocrx_word' id='word_1_264' title='bbox 138 2407 200 2464; x_wconf 81' lang='lat' dir='ltr'>vulgo</span> <span class='ocrx_word' id='word_1_265' title='bbox 216 2407 293 2449; x_wconf 90' lang='lat' dir='ltr'>editum</span> <span class='ocrx_word' id='word_1_266' title='bbox 310 2414 349 2456; x_wconf 87' lang='lat' dir='ltr'>est,</span> <span class='ocrx_word' id='word_1_267' title='bbox 366 2407 405 2448; x_wconf 82' lang='lat' dir='ltr'>tlt:</span> <span class='ocrx_word' id='word_1_268' title='bbox 426 2409 463 2457; x_wconf 81' lang='grc'>16,</span> <span class='ocrx_word' id='word_1_269' title='bbox 483 2420 533 2462; x_wconf 88' lang='lat' dir='ltr'>quos</span> <span class='ocrx_word' id='word_1_270' title='bbox 549 2413 605 2448; x_wconf 90' lang='lat' dir='ltr'>recte</span> <span class='ocrx_word' id='word_1_271' title='bbox 622 2405 689 2448; x_wconf 77' lang='lat' dir='ltr'>attulit</span> <span class='ocrx_word' id='word_1_272' title='bbox 703 2422 765 2449; x_wconf 81' lang='lat' dir='ltr'>umr-</span> 
     </span>
    </p>
   </div>
   <div class='ocr_carea' id='block_1_4' title="bbox 26 2480 767 2552">
    <p class='ocr_par' dir='ltr' id='par_1_4' title="bbox 26 2480 767 2552">
     <span class='ocr_line' id='line_1_33' title="bbox 26 2480 767 2552; baseline 0.005 -32"><span class='ocrx_word' id='word_1_273' title='bbox 26 2541 29 2552; x_wconf 28' lang='grc' dir='ltr'>Ᾰ</span> <span class='ocrx_word' id='word_1_274' title='bbox 48 2494 141 2531; x_wconf 76' lang='lat' dir='ltr'>munos,</span> <span class='ocrx_word' id='word_1_275' title='bbox 164 2482 280 2524; x_wconf 80' lang='lat' dir='ltr'>luculenter</span> <span class='ocrx_word' id='word_1_276' title='bbox 303 2490 393 2538; x_wconf 78' lang='lat' dir='ltr'>apparet.</span> <span class='ocrx_word' id='word_1_277' title='bbox 422 2482 490 2538; x_wconf 78' lang='lat' dir='ltr'>Atque</span> <span class='ocrx_word' id='word_1_278' title='bbox 504 2480 526 2522; x_wconf 88' lang='lat' dir='ltr'>hi</span> <span class='ocrx_word' id='word_1_279' title='bbox 544 2481 585 2523; x_wconf 91' lang='lat' dir='ltr'>loci</span> <span class='ocrx_word' id='word_1_280' title='bbox 597 2481 670 2523; x_wconf 86' lang='lat' dir='ltr'>itidem</span> <span class='ocrx_word' id='word_1_281' title='bbox 686 2482 767 2526; x_wconf 87' lang='lat' dir='ltr'>obstant</span> 
     </span>
    </p>
   </div>
   <div class='ocr_carea' id='block_1_5' title="bbox 48 2555 767 2695">
    <p class='ocr_par' dir='ltr' id='par_1_5' title="bbox 48 2555 767 2695">
     <span class='ocr_line' id='line_1_34' title="bbox 48 2555 766 2617; baseline 0.006 -19"><span class='ocrx_word' id='word_1_282' title='bbox 48 2555 102 2599; x_wconf 88' lang='lat' dir='ltr'>Viris</span> <span class='ocrx_word' id='word_1_283' title='bbox 115 2555 195 2608; x_wconf 75' lang='lat' dir='ltr'>noctis,</span> <span class='ocrx_word' id='word_1_284' title='bbox 210 2558 247 2613; x_wconf 88' lang='lat' dir='ltr'>qni</span> <span class='ocrx_word' id='word_1_285' title='bbox 259 2558 321 2599; x_wconf 82' lang='lat' dir='ltr'>verba</span> <span class='ocrx_word' id='word_1_286' title='bbox 332 2557 356 2601; x_wconf 69' lang='lat' dir='ltr'>eo*</span> <span class='ocrx_word' id='word_1_287' title='bbox 370 2555 430 2609; x_wconf 79' lang='grc' dir='ltr'><strong><em>ον’τό,</em></strong></span> <span class='ocrx_word' id='word_1_288' title='bbox 443 2558 475 2599; x_wconf 78' lang='lat' dir='ltr'>vel</span> <span class='ocrx_word' id='word_1_289' title='bbox 489 2572 536 2600; x_wconf 89' lang='lat' dir='ltr'>cum</span> <span class='ocrx_word' id='word_1_290' title='bbox 549 2564 655 2600; x_wconf 67' lang='lat' dir='ltr'>mentem</span> <span class='ocrx_word' id='word_1_291' title='bbox 666 2559 766 2617; x_wconf 84' lang='lat' dir='ltr'>interpre-</span> 
     </span>
     <span class='ocr_line' id='line_1_35' title="bbox 52 2631 767 2695; baseline 0.01 -25"><span class='ocrx_word' id='word_1_292' title='bbox 52 2637 118 2673; x_wconf 85' lang='lat' dir='ltr'>tantur</span> <span class='ocrx_word' id='word_1_293' title='bbox 133 2631 189 2673; x_wconf 81' lang='lat' dir='ltr'>z&#39;dcm</span> <span class='ocrx_word' id='word_1_294' title='bbox 202 2638 267 2690; x_wconf 78' lang='lat' dir='ltr'>atpate</span> <span class='ocrx_word' id='word_1_295' title='bbox 280 2640 359 2690; x_wconf 74' lang='lat' dir='ltr'>corten,</span> <span class='ocrx_word' id='word_1_296' title='bbox 371 2635 404 2676; x_wconf 72' lang='lat' dir='ltr'>rel</span> <span class='ocrx_word' id='word_1_297' title='bbox 420 2634 480 2676; x_wconf 86' lang='lat' dir='ltr'>etiam</span> <span class='ocrx_word' id='word_1_298' title='bbox 494 2633 551 2675; x_wconf 81' lang='lat' dir='ltr'>idem</span> <span class='ocrx_word' id='word_1_299' title='bbox 567 2639 632 2693; x_wconf 77' lang='lat' dir='ltr'>utque</span> <span class='ocrx_word' id='word_1_300' title='bbox 647 2649 693 2695; x_wconf 39' lang='lat' dir='ltr'>egoi</span> <span class='ocrx_word' id='word_1_301' title='bbox 726 2636 767 2678; x_wconf 81' lang='lat' dir='ltr'>Uti-</span> 
     </span>
    </p>
   </div>
   <div class='ocr_carea' id='block_1_6' title="bbox 0 0 842 2790">
    <p class='ocr_par' dir='ltr' id='par_1_6' title="bbox 0 0 842 2790">
     <span class='ocr_line' id='line_1_36' title="bbox 0 0 842 2790; baseline 0 0"><span class='ocrx_word' id='word_1_302' title='bbox 0 0 842 2790; x_wconf 95' lang='lat' dir='ltr'> </span> 
     </span>
    </p>
   </div>
  </div>
 </body>
</html>
