<?xml version="1.0" encoding="UTF-8"?>
<!DOCTYPE html PUBLIC "-//W3C//DTD XHTML 1.0 Transitional//EN"
    "http://www.w3.org/TR/xhtml1/DTD/xhtml1-transitional.dtd">
<html xmlns="http://www.w3.org/1999/xhtml" xml:lang="en" lang="en">
 <head>
  <title>
</title>
<meta http-equiv="Content-Type" content="text/html;charset=utf-8" />
  <meta name='ocr-system' content='tesseract 3.04.00' />
  <meta name='ocr-capabilities' content='ocr_page ocr_carea ocr_par ocr_line ocrx_word'/>
</head>
<body>
  <div class='ocr_page' id='page_1' title='image "./MN41518ucmf_1_0329.png"; bbox 0 0 1650 2790; ppageno 0'>
   <div class='ocr_carea' id='block_1_1' title="bbox 285 28 747 70">
    <p class='ocr_par' dir='ltr' id='par_1_1' title="bbox 285 28 747 70">
     <span class='ocr_line' id='line_1_1' title="bbox 285 28 747 70; baseline 0.002 -3"><span class='ocrx_word' id='word_1_1' title='bbox 285 42 327 68; x_wconf 52' lang='lat' dir='ltr'>tritu.</span> <span class='ocrx_word' id='word_1_2' title='bbox 345 28 379 70; x_wconf 88' lang='lat' dir='ltr'>IV.</span> <span class='ocrx_word' id='word_1_3' title='bbox 398 42 450 68; x_wconf 75' lang='lat' dir='ltr'>suus.</span> <span class='ocrx_word' id='word_1_4' title='bbox 470 31 500 68; x_wconf 74' lang='lat'>12.</span> <span class='ocrx_word' id='word_1_5' title='bbox 707 31 747 68; x_wconf 79' lang='lat' dir='ltr'>aot</span> 
     </span>
    </p>
   </div>
   <div class='ocr_carea' id='block_1_2' title="bbox 39 150 772 1931">
    <p class='ocr_par' dir='ltr' id='par_1_2' title="bbox 39 150 772 1931">
     <span class='ocr_line' id='line_1_2' title="bbox 40 150 772 213; baseline -0.004 -17"><span class='ocrx_word' id='word_1_6' title='bbox 40 156 110 205; x_wconf 83' lang='lat' dir='ltr'>hetur,</span> <span class='ocrx_word' id='word_1_7' title='bbox 131 152 167 208; x_wconf 88' lang='lat' dir='ltr'>qui</span> <span class='ocrx_word' id='word_1_8' title='bbox 189 167 226 194; x_wconf 83' lang='lat' dir='ltr'>nec</span> <span class='ocrx_word' id='word_1_9' title='bbox 246 150 443 201; x_wconf 80' lang='lat' dir='ltr'>animadverterunt,</span> <span class='ocrx_word' id='word_1_10' title='bbox 467 152 577 208; x_wconf 75' lang='lat' dir='ltr'>singularia</span> <span class='ocrx_word' id='word_1_11' title='bbox 597 166 654 193; x_wconf 89' lang='lat' dir='ltr'>nune</span> <span class='ocrx_word' id='word_1_12' title='bbox 671 150 748 193; x_wconf 86' lang='lat' dir='ltr'>dictum</span> <span class='ocrx_word' id='word_1_13' title='bbox 768 208 772 213; x_wconf 23' lang='grc' dir='ltr'>ι</span> 
     </span>
     <span class='ocr_line' id='line_1_3' title="bbox 41 224 747 286; baseline -0.006 -15"><span class='ocrx_word' id='word_1_14' title='bbox 41 229 136 286; x_wconf 76' lang='lat' dir='ltr'>generale</span> <span class='ocrx_word' id='word_1_15' title='bbox 148 228 247 283; x_wconf 79' lang='lat' dir='ltr'><strong>excipere,</strong></span> <span class='ocrx_word' id='word_1_16' title='bbox 256 240 324 282; x_wconf 89' lang='lat' dir='ltr'>neque</span> <span class='ocrx_word' id='word_1_17' title='bbox 330 224 383 268; x_wconf 86' lang='lat' dir='ltr'>haue</span> <span class='ocrx_word' id='word_1_18' title='bbox 395 227 459 282; x_wconf 85' lang='lat' dir='ltr'>ipsam</span> <span class='ocrx_word' id='word_1_19' title='bbox 473 227 584 268; x_wconf 80' lang='lat' dir='ltr'>orationem</span> <span class='ocrx_word' id='word_1_20' title='bbox 596 226 747 269; x_wconf 70' lang='lat' dir='ltr'>intellexerunt.</span> 
     </span>
     <span class='ocr_line' id='line_1_4' title="bbox 41 302 748 360; baseline -0.001 -15"><span class='ocrx_word' id='word_1_21' title='bbox 41 306 122 353; x_wconf 75' lang='lat' dir='ltr'>Panno,</span> <span class='ocrx_word' id='word_1_22' title='bbox 139 303 193 360; x_wconf 86' lang='lat' dir='ltr'>quod</span> <span class='ocrx_word' id='word_1_23' title='bbox 208 318 267 345; x_wconf 89' lang='lat' dir='ltr'>suum</span> <span class='ocrx_word' id='word_1_24' title='bbox 283 309 335 352; x_wconf 86' lang='lat' dir='ltr'>erat,</span> <span class='ocrx_word' id='word_1_25' title='bbox 351 303 376 345; x_wconf 89' lang='lat' dir='ltr'>ad</span> <span class='ocrx_word' id='word_1_26' title='bbox 389 302 512 358; x_wconf 84' lang='lat' dir='ltr'>optimorum</span> <span class='ocrx_word' id='word_1_27' title='bbox 525 302 624 344; x_wconf 78' lang='lat' dir='ltr'>librorum</span> <span class='ocrx_word' id='word_1_28' title='bbox 638 302 700 344; x_wconf 84' lang='lat' dir='ltr'>fidem</span> <span class='ocrx_word' id='word_1_29' title='bbox 713 317 748 344; x_wconf 92' lang='lat' dir='ltr'>re-</span> 
     </span>
     <span class='ocr_line' id='line_1_5' title="bbox 41 377 747 421; baseline -0.001 0"><span class='ocrx_word' id='word_1_30' title='bbox 41 381 149 421; x_wconf 87' lang='lat' dir='ltr'>stituerunt</span> <span class='ocrx_word' id='word_1_31' title='bbox 167 380 287 421; x_wconf 72' lang='lat' dir='ltr'>recentiores</span> <span class='ocrx_word' id='word_1_32' title='bbox 308 379 359 420; x_wconf 86' lang='lat' dir='ltr'>Novi</span> <span class='ocrx_word' id='word_1_33' title='bbox 371 379 493 420; x_wconf 77' lang='lat' dir='ltr'>Testamenti</span> <span class='ocrx_word' id='word_1_34' title='bbox 507 377 598 418; x_wconf 83' lang='lat' dir='ltr'>Editores</span> <span class='ocrx_word' id='word_1_35' title='bbox 613 379 655 419; x_wconf 86' lang='lat' dir='ltr'>fere</span> <span class='ocrx_word' id='word_1_36' title='bbox 671 392 747 420; x_wconf 86' lang='lat' dir='ltr'>omnes.</span> 
     </span>
     <span class='ocr_line' id='line_1_6' title="bbox 41 451 748 508; baseline -0.001 -13"><span class='ocrx_word' id='word_1_37' title='bbox 41 456 83 496; x_wconf 86' lang='lat' dir='ltr'>lam</span> <span class='ocrx_word' id='word_1_38' title='bbox 97 454 164 498; x_wconf 84' lang='lat' dir='ltr'>Verba</span> <span class='ocrx_word' id='word_1_39' title='bbox 178 455 320 495; x_wconf 70' lang='grc' dir='ltr'><em>ταπεινοῦσθαι</em></span> <span class='ocrx_word' id='word_1_40' title='bbox 335 460 354 494; x_wconf 89' lang='lat' dir='ltr'>et</span> <span class='ocrx_word' id='word_1_41' title='bbox 368 451 486 508; x_wconf 72' lang='grc' dir='ltr'>περισσεύειν</span> <span class='ocrx_word' id='word_1_42' title='bbox 499 451 556 507; x_wconf 88' lang='lat' dir='ltr'>¹quid</span> <span class='ocrx_word' id='word_1_43' title='bbox 571 451 608 492; x_wconf 89' lang='lat' dir='ltr'>sibi</span> <span class='ocrx_word' id='word_1_44' title='bbox 625 451 697 501; x_wconf 69' lang='lat' dir='ltr'>uelint,</span> <span class='ocrx_word' id='word_1_45' title='bbox 714 452 748 494; x_wconf 90' lang='lat' dir='ltr'>In-</span> 
     </span>
     <span class='ocr_line' id='line_1_7' title="bbox 43 527 746 583; baseline 0 -14"><span class='ocrx_word' id='word_1_46' title='bbox 43 536 137 583; x_wconf 91' lang='lat' dir='ltr'>terpretes</span> <span class='ocrx_word' id='word_1_47' title='bbox 151 528 203 569; x_wconf 83' lang='lat' dir='ltr'>inter</span> <span class='ocrx_word' id='word_1_48' title='bbox 216 543 236 569; x_wconf 90' lang='lat' dir='ltr'>se</span> <span class='ocrx_word' id='word_1_49' title='bbox 253 527 360 583; x_wconf 83' lang='lat' dir='ltr'>disputant.</span> <span class='ocrx_word' id='word_1_50' title='bbox 390 527 496 568; x_wconf 83' lang='lat' dir='ltr'>Posteriori</span> <span class='ocrx_word' id='word_1_51' title='bbox 513 541 614 580; x_wconf 71' lang='lat' dir='ltr'>euasurus,</span> <span class='ocrx_word' id='word_1_52' title='bbox 633 533 746 580; x_wconf 67' lang='lat' dir='ltr'>vonimus,</span> 
     </span>
     <span class='ocr_line' id='line_1_8' title="bbox 41 601 749 657; baseline -0.004 -12"><span class='ocrx_word' id='word_1_53' title='bbox 41 612 151 657; x_wconf 72' lang='lat' dir='ltr'>coturnus,</span> <span class='ocrx_word' id='word_1_54' title='bbox 169 603 203 644; x_wconf 83' lang='lat' dir='ltr'>alii</span> <span class='ocrx_word' id='word_1_55' title='bbox 217 603 347 656; x_wconf 72' lang='lat' dir='ltr'>excellendi,</span> <span class='ocrx_word' id='word_1_56' title='bbox 367 616 428 657; x_wconf 84' lang='lat' dir='ltr'>quam</span> <span class='ocrx_word' id='word_1_57' title='bbox 447 601 571 643; x_wconf 73' lang='lat' dir='ltr'>ohrrudondi</span> <span class='ocrx_word' id='word_1_58' title='bbox 590 601 694 655; x_wconf 81' lang='lat' dir='ltr'>notionem</span> <span class='ocrx_word' id='word_1_59' title='bbox 713 604 749 643; x_wconf 88' lang='lat' dir='ltr'>tri-</span> 
     </span>
     <span class='ocr_line' id='line_1_9' title="bbox 40 676 749 734; baseline -0.004 -14"><span class='ocrx_word' id='word_1_60' title='bbox 40 679 103 720; x_wconf 86' lang='lat' dir='ltr'>buere</span> <span class='ocrx_word' id='word_1_61' title='bbox 116 679 241 731; x_wconf 75' lang='lat' dir='ltr'>maluerunt,</span> <span class='ocrx_word' id='word_1_62' title='bbox 262 677 358 734; x_wconf 87' lang='lat' dir='ltr'>quoniam</span> <span class='ocrx_word' id='word_1_63' title='bbox 378 676 434 732; x_wconf 84' lang='lat' dir='ltr'>prius</span> <span class='ocrx_word' id='word_1_64' title='bbox 449 676 591 718; x_wconf 77' lang='lat' dir='ltr'>ltrrmc&#39;litotem</span> <span class='ocrx_word' id='word_1_65' title='bbox 610 676 709 733; x_wconf 83' lang='lat' dir='ltr'>significat</span> <span class='ocrx_word' id='word_1_66' title='bbox 730 684 749 717; x_wconf 86' lang='lat' dir='ltr'>et</span> 
     </span>
     <span class='ocr_line' id='line_1_10' title="bbox 40 752 748 811; baseline -0.003 -17"><span class='ocrx_word' id='word_1_67' title='bbox 40 755 92 795; x_wconf 86' lang='lat' dir='ltr'>iufra</span> <span class='ocrx_word' id='word_1_68' title='bbox 106 754 189 795; x_wconf 81' lang='lat' dir='ltr'>demum</span> <span class='ocrx_word' id='word_1_69' title='bbox 207 755 269 811; x_wconf 76' lang='lat' dir='ltr'>copz&#39;o</span> <span class='ocrx_word' id='word_1_70' title='bbox 284 759 304 792; x_wconf 91' lang='lat' dir='ltr'>et</span> <span class='ocrx_word' id='word_1_71' title='bbox 316 754 392 811; x_wconf 69' lang='lat' dir='ltr'>coopto</span> <span class='ocrx_word' id='word_1_72' title='bbox 406 760 550 793; x_wconf 78' lang='lat' dir='ltr'>memorantur.</span> <span class='ocrx_word' id='word_1_73' title='bbox 573 752 626 805; x_wconf 80' lang='lat' dir='ltr'>sed,</span> <span class='ocrx_word' id='word_1_74' title='bbox 643 758 666 792; x_wconf 91' lang='lat' dir='ltr'>ut</span> <span class='ocrx_word' id='word_1_75' title='bbox 683 752 748 808; x_wconf 81' lang='lat' dir='ltr'>gravis</span> 
     </span>
     <span class='ocr_line' id='line_1_11' title="bbox 42 825 747 880; baseline -0.001 -11"><span class='ocrx_word' id='word_1_76' title='bbox 42 829 113 871; x_wconf 84' lang='lat' dir='ltr'>horum</span> <span class='ocrx_word' id='word_1_77' title='bbox 119 830 215 873; x_wconf 86' lang='lat' dir='ltr'>Virorum</span> <span class='ocrx_word' id='word_1_78' title='bbox 226 826 333 870; x_wconf 84' lang='lat' dir='ltr'>auctoritas</span> <span class='ocrx_word' id='word_1_79' title='bbox 346 834 387 880; x_wconf 84' lang='lat' dir='ltr'>est,</span> <span class='ocrx_word' id='word_1_80' title='bbox 402 826 430 868; x_wconf 88' lang='lat' dir='ltr'>ita</span> <span class='ocrx_word' id='word_1_81' title='bbox 445 827 528 868; x_wconf 78' lang='lat' dir='ltr'>leviores</span> <span class='ocrx_word' id='word_1_82' title='bbox 540 834 586 868; x_wconf 90' lang='lat' dir='ltr'>sunt</span> <span class='ocrx_word' id='word_1_83' title='bbox 596 826 684 868; x_wconf 85' lang='lat' dir='ltr'>rationes</span> <span class='ocrx_word' id='word_1_84' title='bbox 693 825 747 880; x_wconf 77' lang='lat' dir='ltr'>ittae,</span> 
     </span>
     <span class='ocr_line' id='line_1_12' title="bbox 42 901 750 960; baseline 0 -16"><span class='ocrx_word' id='word_1_85' title='bbox 42 919 103 960; x_wconf 78' lang='lat' dir='ltr'>quam</span> <span class='ocrx_word' id='word_1_86' title='bbox 123 911 146 945; x_wconf 91' lang='lat' dir='ltr'>ut</span> <span class='ocrx_word' id='word_1_87' title='bbox 166 903 192 945; x_wconf 82' lang='lat' dir='ltr'>ad</span> <span class='ocrx_word' id='word_1_88' title='bbox 210 916 291 945; x_wconf 84' lang='lat' dir='ltr'>causam</span> <span class='ocrx_word' id='word_1_89' title='bbox 304 916 375 943; x_wconf 90' lang='lat' dir='ltr'>eorum</span> <span class='ocrx_word' id='word_1_90' title='bbox 395 901 492 943; x_wconf 85' lang='lat' dir='ltr'>tuendam</span> <span class='ocrx_word' id='word_1_91' title='bbox 509 902 594 944; x_wconf 83' lang='lat' dir='ltr'>valeant.</span> <span class='ocrx_word' id='word_1_92' title='bbox 616 903 641 944; x_wconf 93' lang='lat' dir='ltr'>In</span> <span class='ocrx_word' id='word_1_93' title='bbox 657 901 750 958; x_wconf 86' lang='lat' dir='ltr'>populari</span> 
     </span>
     <span class='ocr_line' id='line_1_13' title="bbox 41 975 750 1031; baseline -0.003 -12"><span class='ocrx_word' id='word_1_94' title='bbox 41 979 95 1019; x_wconf 91' lang='lat' dir='ltr'>euim</span> <span class='ocrx_word' id='word_1_95' title='bbox 108 978 221 1019; x_wconf 75' lang='lat' dir='ltr'>literarum</span> <span class='ocrx_word' id='word_1_96' title='bbox 233 978 340 1019; x_wconf 77' lang='lat' dir='ltr'>Sacrorum</span> <span class='ocrx_word' id='word_1_97' title='bbox 356 991 448 1019; x_wconf 86' lang='lat' dir='ltr'>sermone</span> <span class='ocrx_word' id='word_1_98' title='bbox 462 975 516 1019; x_wconf 85' lang='lat' dir='ltr'>haud</span> <span class='ocrx_word' id='word_1_99' title='bbox 535 991 580 1019; x_wconf 85' lang='lat' dir='ltr'>raro</span> <span class='ocrx_word' id='word_1_100' title='bbox 597 977 631 1031; x_wconf 80' lang='lat' dir='ltr'>fir,</span> <span class='ocrx_word' id='word_1_101' title='bbox 649 984 672 1018; x_wconf 90' lang='lat' dir='ltr'>ut</span> <span class='ocrx_word' id='word_1_102' title='bbox 689 977 750 1018; x_wconf 83' lang='lat' dir='ltr'>Anti-</span> 
     </span>
     <span class='ocr_line' id='line_1_14' title="bbox 41 1051 749 1108; baseline 0 -14"><span class='ocrx_word' id='word_1_103' title='bbox 41 1053 99 1094; x_wconf 84' lang='lat' dir='ltr'>thesis</span> <span class='ocrx_word' id='word_1_104' title='bbox 127 1053 208 1108; x_wconf 87' lang='lat' dir='ltr'>ohliqua</span> <span class='ocrx_word' id='word_1_105' title='bbox 238 1059 257 1093; x_wconf 88' lang='lat' dir='ltr'>et</span> <span class='ocrx_word' id='word_1_106' title='bbox 278 1052 396 1107; x_wconf 86' lang='lat' dir='ltr'>imperfecta</span> <span class='ocrx_word' id='word_1_107' title='bbox 420 1052 544 1107; x_wconf 74' lang='lat' dir='ltr'>reperiatur,</span> <span class='ocrx_word' id='word_1_108' title='bbox 567 1051 603 1093; x_wconf 82' lang='lat' dir='ltr'>uhi</span> <span class='ocrx_word' id='word_1_109' title='bbox 626 1060 703 1094; x_wconf 86' lang='lat' dir='ltr'>rectam</span> <span class='ocrx_word' id='word_1_110' title='bbox 730 1061 749 1094; x_wconf 91' lang='lat' dir='ltr'>et</span> 
     </span>
     <span class='ocr_line' id='line_1_15' title="bbox 41 1125 749 1183; baseline -0.001 -14"><span class='ocrx_word' id='word_1_111' title='bbox 41 1129 148 1183; x_wconf 80' lang='lat' dir='ltr'>perfectam</span> <span class='ocrx_word' id='word_1_112' title='bbox 169 1127 207 1168; x_wconf 86' lang='lat' dir='ltr'>sibi</span> <span class='ocrx_word' id='word_1_113' title='bbox 228 1127 315 1182; x_wconf 84' lang='lat' dir='ltr'>postulet</span> <span class='ocrx_word' id='word_1_114' title='bbox 338 1126 399 1168; x_wconf 81' lang='lat' dir='ltr'>oratio</span> <span class='ocrx_word' id='word_1_115' title='bbox 416 1125 540 1182; x_wconf 84' lang='lat' dir='ltr'>philosopha.</span> <span class='ocrx_word' id='word_1_116' title='bbox 576 1126 607 1168; x_wconf 85' lang='lat' dir='ltr'>lta</span> <span class='ocrx_word' id='word_1_117' title='bbox 628 1134 648 1168; x_wconf 91' lang='lat' dir='ltr'>et</span> <span class='ocrx_word' id='word_1_118' title='bbox 667 1127 692 1168; x_wconf 84' lang='lat' dir='ltr'>ab</span> <span class='ocrx_word' id='word_1_119' title='bbox 710 1125 749 1169; x_wconf 90' lang='lat' dir='ltr'>hoc</span> 
     </span>
     <span class='ocr_line' id='line_1_16' title="bbox 40 1202 750 1258; baseline -0.001 -14"><span class='ocrx_word' id='word_1_120' title='bbox 40 1217 131 1244; x_wconf 86' lang='lat' dir='ltr'>sermone</span> <span class='ocrx_word' id='word_1_121' title='bbox 152 1209 253 1242; x_wconf 89' lang='lat' dir='ltr'>remotum</span> <span class='ocrx_word' id='word_1_122' title='bbox 271 1216 313 1242; x_wconf 85' lang='lat' dir='ltr'>uon</span> <span class='ocrx_word' id='word_1_123' title='bbox 333 1208 362 1242; x_wconf 89' lang='lat' dir='ltr'>est</span> <span class='ocrx_word' id='word_1_124' title='bbox 385 1215 456 1242; x_wconf 85' lang='lat' dir='ltr'>eorum</span> <span class='ocrx_word' id='word_1_125' title='bbox 478 1202 577 1258; x_wconf 81' lang='lat' dir='ltr'>attingere</span> <span class='ocrx_word' id='word_1_126' title='bbox 595 1209 680 1256; x_wconf 81' lang='lat' dir='ltr'>purtem,</span> <span class='ocrx_word' id='word_1_127' title='bbox 696 1216 750 1258; x_wconf 89' lang='lat' dir='ltr'>quo-</span> 
     </span>
     <span class='ocr_line' id='line_1_17' title="bbox 40 1275 750 1332; baseline 0.001 -14"><span class='ocrx_word' id='word_1_128' title='bbox 40 1292 86 1318; x_wconf 86' lang='lat' dir='ltr'>rum</span> <span class='ocrx_word' id='word_1_129' title='bbox 107 1276 131 1318; x_wconf 86' lang='lat' dir='ltr'>ad</span> <span class='ocrx_word' id='word_1_130' title='bbox 152 1276 294 1332; x_wconf 74' lang='lat' dir='ltr'>expositionem</span> <span class='ocrx_word' id='word_1_131' title='bbox 315 1275 372 1317; x_wconf 84' lang='lat' dir='ltr'>locus</span> <span class='ocrx_word' id='word_1_132' title='bbox 393 1275 476 1317; x_wconf 86' lang='lat' dir='ltr'>demum</span> <span class='ocrx_word' id='word_1_133' title='bbox 496 1276 579 1317; x_wconf 85' lang='lat' dir='ltr'>inferior</span> <span class='ocrx_word' id='word_1_134' title='bbox 599 1283 671 1332; x_wconf 82' lang='lat' dir='ltr'>pateat</span> <span class='ocrx_word' id='word_1_135' title='bbox 707 1277 750 1320; x_wconf 83' lang='lat' dir='ltr'>Nec</span> 
     </span>
     <span class='ocr_line' id='line_1_18' title="bbox 40 1350 750 1408; baseline 0 -16"><span class='ocrx_word' id='word_1_136' title='bbox 40 1353 155 1406; x_wconf 88' lang='lat' dir='ltr'>importuna</span> <span class='ocrx_word' id='word_1_137' title='bbox 177 1359 244 1393; x_wconf 87' lang='lat' dir='ltr'>tamen</span> <span class='ocrx_word' id='word_1_138' title='bbox 266 1358 285 1392; x_wconf 90' lang='lat' dir='ltr'>et</span> <span class='ocrx_word' id='word_1_139' title='bbox 299 1350 364 1391; x_wconf 87' lang='lat' dir='ltr'>inanis</span> <span class='ocrx_word' id='word_1_140' title='bbox 384 1365 451 1392; x_wconf 75' lang='lat' dir='ltr'>ranno</span> <span class='ocrx_word' id='word_1_141' title='bbox 466 1351 569 1408; x_wconf 84' lang='lat' dir='ltr'>affingitur</span> <span class='ocrx_word' id='word_1_142' title='bbox 582 1351 712 1406; x_wconf 79' lang='grc' dir='ltr'>σασιολογίσ,</span> <span class='ocrx_word' id='word_1_143' title='bbox 734 1352 750 1393; x_wconf 91' lang='lat' dir='ltr'>si</span> 
     </span>
     <span class='ocr_line' id='line_1_19' title="bbox 39 1423 748 1482; baseline -0.004 -11"><span class='ocrx_word' id='word_1_144' title='bbox 39 1428 130 1471; x_wconf 80' lang='lat' dir='ltr'>Verbum</span> <span class='ocrx_word' id='word_1_145' title='bbox 143 1423 260 1482; x_wconf 72' lang='grc' dir='ltr'>περισσεύειν</span> <span class='ocrx_word' id='word_1_146' title='bbox 272 1424 307 1467; x_wconf 81' lang='lat' dir='ltr'>htc</span> <span class='ocrx_word' id='word_1_147' title='bbox 320 1424 416 1466; x_wconf 83' lang='lat' dir='ltr'>vertendo</span> <span class='ocrx_word' id='word_1_148' title='bbox 436 1425 538 1468; x_wconf 83' lang='lat' dir='ltr'>reddimus</span> <span class='ocrx_word' id='word_1_149' title='bbox 552 1426 669 1477; x_wconf 65' lang='lat' dir='ltr'>aetenam-e,</span> <span class='ocrx_word' id='word_1_150' title='bbox 685 1441 748 1482; x_wconf 82' lang='lat' dir='ltr'>quam</span> 
     </span>
     <span class='ocr_line' id='line_1_20' title="bbox 40 1498 749 1557; baseline 0 -14"><span class='ocrx_word' id='word_1_151' title='bbox 40 1502 143 1543; x_wconf 89' lang='lat' dir='ltr'>notionem</span> <span class='ocrx_word' id='word_1_152' title='bbox 158 1500 210 1541; x_wconf 83' lang='lat' dir='ltr'>illud</span> <span class='ocrx_word' id='word_1_153' title='bbox 226 1501 302 1556; x_wconf 82' lang='lat' dir='ltr'>ubique</span> <span class='ocrx_word' id='word_1_154' title='bbox 319 1498 386 1550; x_wconf 81' lang='lat' dir='ltr'>habet,</span> <span class='ocrx_word' id='word_1_155' title='bbox 401 1501 460 1542; x_wconf 88' lang='lat' dir='ltr'>etiam</span> <span class='ocrx_word' id='word_1_156' title='bbox 475 1502 497 1543; x_wconf 91' lang='lat' dir='ltr'>iu</span> <span class='ocrx_word' id='word_1_157' title='bbox 506 1502 561 1552; x_wconf 89' lang='lat' dir='ltr'>locis,</span> <span class='ocrx_word' id='word_1_158' title='bbox 576 1502 650 1557; x_wconf 89' lang='lat' dir='ltr'>quibus</span> <span class='ocrx_word' id='word_1_159' title='bbox 661 1516 749 1544; x_wconf 71' lang='lat' dir='ltr'>sensuu-</span> 
     </span>
     <span class='ocr_line' id='line_1_21' title="bbox 40 1570 749 1631; baseline 0.003 -14"><span class='ocrx_word' id='word_1_160' title='bbox 40 1591 114 1619; x_wconf 82' lang='lat' dir='ltr'>sunuus</span> <span class='ocrx_word' id='word_1_161' title='bbox 134 1570 209 1630; x_wconf 75' lang='lat' dir='ltr'>aliique</span> <span class='ocrx_word' id='word_1_162' title='bbox 229 1574 373 1631; x_wconf 78' lang='lat' dir='ltr'>Lericographi</span> <span class='ocrx_word' id='word_1_163' title='bbox 388 1576 492 1618; x_wconf 90' lang='lat' dir='ltr'>notionem</span> <span class='ocrx_word' id='word_1_164' title='bbox 512 1578 632 1619; x_wconf 79' lang='lat' dir='ltr'>excellendi</span> <span class='ocrx_word' id='word_1_165' title='bbox 646 1577 749 1619; x_wconf 82' lang='lat' dir='ltr'>vindicare</span> 
     </span>
     <span class='ocr_line' id='line_1_22' title="bbox 41 1649 748 1706; baseline 0.001 -14"><span class='ocrx_word' id='word_1_166' title='bbox 41 1651 167 1692; x_wconf 87' lang='lat' dir='ltr'>studuerunt.</span> <span class='ocrx_word' id='word_1_167' title='bbox 204 1652 271 1706; x_wconf 83' lang='lat' dir='ltr'>Atque</span> <span class='ocrx_word' id='word_1_168' title='bbox 289 1649 329 1691; x_wconf 87' lang='lat' dir='ltr'>hoc</span> <span class='ocrx_word' id='word_1_169' title='bbox 355 1665 421 1692; x_wconf 90' lang='lat' dir='ltr'>unum</span> <span class='ocrx_word' id='word_1_170' title='bbox 442 1652 527 1694; x_wconf 84' lang='lat' dir='ltr'>orationi</span> <span class='ocrx_word' id='word_1_171' title='bbox 547 1653 641 1694; x_wconf 80' lang='lat' dir='ltr'>convenit</span> <span class='ocrx_word' id='word_1_172' title='bbox 661 1659 748 1694; x_wconf 78' lang='lat' dir='ltr'>contex-</span> 
     </span>
     <span class='ocr_line' id='line_1_23' title="bbox 41 1724 752 1780; baseline 0.003 -13"><span class='ocrx_word' id='word_1_173' title='bbox 41 1734 88 1777; x_wconf 81' lang='lat' dir='ltr'>tae,</span> <span class='ocrx_word' id='word_1_174' title='bbox 104 1725 139 1766; x_wconf 82' lang='lat' dir='ltr'>uhi</span> <span class='ocrx_word' id='word_1_175' title='bbox 160 1726 250 1780; x_wconf 87' lang='lat' dir='ltr'>quaestio</span> <span class='ocrx_word' id='word_1_176' title='bbox 266 1724 292 1766; x_wconf 88' lang='lat' dir='ltr'>de</span> <span class='ocrx_word' id='word_1_177' title='bbox 306 1725 439 1768; x_wconf 64' lang='lat' dir='ltr'>ctzttidcno&#39;a</span> <span class='ocrx_word' id='word_1_178' title='bbox 455 1734 494 1777; x_wconf 78' lang='lat' dir='ltr'>est,</span> <span class='ocrx_word' id='word_1_179' title='bbox 516 1726 542 1768; x_wconf 88' lang='lat' dir='ltr'>de</span> <span class='ocrx_word' id='word_1_180' title='bbox 562 1728 690 1769; x_wconf 73' lang='lat' dir='ltr'>excellentia</span> <span class='ocrx_word' id='word_1_181' title='bbox 709 1742 752 1769; x_wconf 91' lang='lat' dir='ltr'>nou.</span> 
     </span>
     <span class='ocr_line' id='line_1_24' title="bbox 40 1801 750 1858; baseline 0.001 -15"><span class='ocrx_word' id='word_1_182' title='bbox 40 1803 95 1843; x_wconf 85' lang='lat' dir='ltr'>item.</span> <span class='ocrx_word' id='word_1_183' title='bbox 133 1801 190 1853; x_wconf 81' lang='lat' dir='ltr'>Quae</span> <span class='ocrx_word' id='word_1_184' title='bbox 207 1815 255 1842; x_wconf 91' lang='lat' dir='ltr'>cum</span> <span class='ocrx_word' id='word_1_185' title='bbox 275 1801 303 1844; x_wconf 89' lang='lat' dir='ltr'>ita</span> <span class='ocrx_word' id='word_1_186' title='bbox 322 1801 371 1851; x_wconf 88' lang='lat' dir='ltr'>siut,</span> <span class='ocrx_word' id='word_1_187' title='bbox 392 1801 495 1857; x_wconf 83' lang='lat' dir='ltr'>plerisque</span> <span class='ocrx_word' id='word_1_188' title='bbox 512 1802 659 1858; x_wconf 86' lang='lat' dir='ltr'>Interpretibus</span> <span class='ocrx_word' id='word_1_189' title='bbox 680 1817 750 1844; x_wconf 82' lang='lat' dir='ltr'>reeen-</span> 
     </span>
     <span class='ocr_line' id='line_1_25' title="bbox 40 1877 750 1931; baseline 0.003 -13"><span class='ocrx_word' id='word_1_190' title='bbox 40 1877 133 1927; x_wconf 77' lang='lat' dir='ltr'>rioribus,</span> <span class='ocrx_word' id='word_1_191' title='bbox 155 1890 204 1931; x_wconf 88' lang='lat' dir='ltr'>quos</span> <span class='ocrx_word' id='word_1_192' title='bbox 223 1889 395 1925; x_wconf 78' lang='lat' dir='ltr'>onursosrouus,</span> <span class='ocrx_word' id='word_1_193' title='bbox 415 1890 554 1926; x_wconf 73' lang='lat' dir='ltr'>oeconomus,</span> <span class='ocrx_word' id='word_1_194' title='bbox 575 1891 750 1920; x_wconf 76' lang='lat' dir='ltr'>runorurmcrus</span> 
     </span>
    </p>
   </div>
   <div class='ocr_carea' id='block_1_3' title="bbox 40 1951 750 2015">
    <p class='ocr_par' dir='ltr' id='par_1_3' title="bbox 40 1951 750 2015">
     <span class='ocr_line' id='line_1_26' title="bbox 40 1951 750 2015; baseline -0.001 -20"><span class='ocrx_word' id='word_1_195' title='bbox 40 1951 115 2008; x_wconf 83' lang='lat' dir='ltr'>aliique</span> <span class='ocrx_word' id='word_1_196' title='bbox 134 1951 217 2015; x_wconf 83' lang='lat' dir='ltr'>Veteres</span> <span class='ocrx_word' id='word_1_197' title='bbox 236 1956 400 2006; x_wconf 80' lang='lat' dir='ltr'>praecesserunt,</span> <span class='ocrx_word' id='word_1_198' title='bbox 420 1951 560 2007; x_wconf 86' lang='lat' dir='ltr'>obtemperare</span> <span class='ocrx_word' id='word_1_199' title='bbox 578 1966 620 2011; x_wconf 83' lang='lat' dir='ltr'>non</span> <span class='ocrx_word' id='word_1_200' title='bbox 640 1953 710 1995; x_wconf 84' lang='lat' dir='ltr'>dubito</span> <span class='ocrx_word' id='word_1_201' title='bbox 731 1962 750 1996; x_wconf 88' lang='lat' dir='ltr'>et</span> 
     </span>
    </p>
   </div>
   <div class='ocr_carea' id='block_1_4' title="bbox 40 2025 750 2687">
    <p class='ocr_par' dir='ltr' id='par_1_4' title="bbox 40 2025 750 2687">
     <span class='ocr_line' id='line_1_27' title="bbox 41 2025 749 2081; baseline 0.001 -12"><span class='ocrx_word' id='word_1_202' title='bbox 41 2027 128 2069; x_wconf 85' lang='lat' dir='ltr'>scribere</span> <span class='ocrx_word' id='word_1_203' title='bbox 140 2025 259 2076; x_wconf 68' lang='lat' dir='ltr'>corcordare,</span> <span class='ocrx_word' id='word_1_204' title='bbox 274 2025 329 2081; x_wconf 86' lang='lat' dir='ltr'>quod</span> <span class='ocrx_word' id='word_1_205' title='bbox 339 2025 384 2067; x_wconf 86' lang='lat' dir='ltr'>data</span> <span class='ocrx_word' id='word_1_206' title='bbox 399 2040 459 2081; x_wconf 85' lang='lat' dir='ltr'>opera</span> <span class='ocrx_word' id='word_1_207' title='bbox 471 2027 531 2068; x_wconf 85' lang='lat' dir='ltr'>etiam</span> <span class='ocrx_word' id='word_1_208' title='bbox 546 2026 681 2069; x_wconf 82' lang='lat' dir='ltr'>defenderunt</span> <span class='ocrx_word' id='word_1_209' title='bbox 691 2043 749 2080; x_wconf 77' lang='lat' dir='ltr'>naza,</span> 
     </span>
     <span class='ocr_line' id='line_1_28' title="bbox 41 2100 750 2159; baseline 0.001 -16"><span class='ocrx_word' id='word_1_210' title='bbox 41 2117 118 2153; x_wconf 77' lang='lat' dir='ltr'>usurus,</span> <span class='ocrx_word' id='word_1_211' title='bbox 135 2116 295 2144; x_wconf 77' lang='lat' dir='ltr'>uuuruwanuus.</span> <span class='ocrx_word' id='word_1_212' title='bbox 325 2100 404 2142; x_wconf 81' lang='lat' dir='ltr'>Idcirco</span> <span class='ocrx_word' id='word_1_213' title='bbox 421 2108 489 2142; x_wconf 87' lang='lat' dir='ltr'>tamen</span> <span class='ocrx_word' id='word_1_214' title='bbox 506 2116 548 2143; x_wconf 89' lang='lat' dir='ltr'>non</span> <span class='ocrx_word' id='word_1_215' title='bbox 561 2103 658 2144; x_wconf 84' lang='lat' dir='ltr'>assentior</span> <span class='ocrx_word' id='word_1_216' title='bbox 668 2103 699 2153; x_wconf 85' lang='lat' dir='ltr'>iis,</span> <span class='ocrx_word' id='word_1_217' title='bbox 714 2105 750 2159; x_wconf 90' lang='lat' dir='ltr'>qui</span> 
     </span>
     <span class='ocr_line' id='line_1_29' title="bbox 42 2175 750 2232; baseline 0.003 -14"><span class='ocrx_word' id='word_1_218' title='bbox 42 2177 155 2231; x_wconf 88' lang='lat' dir='ltr'>oppositum</span> <span class='ocrx_word' id='word_1_219' title='bbox 161 2180 302 2220; x_wconf 66' lang='grc' dir='ltr'>ταπεινοῦσθαι</span> <span class='ocrx_word' id='word_1_220' title='bbox 311 2175 366 2230; x_wconf 83' lang='lat' dir='ltr'>opud</span> <span class='ocrx_word' id='word_1_221' title='bbox 373 2175 493 2217; x_wconf 82' lang='lat' dir='ltr'>Hellenistas</span> <span class='ocrx_word' id='word_1_222' title='bbox 502 2176 616 2232; x_wconf 82' lang='lat' dir='ltr'>significare</span> <span class='ocrx_word' id='word_1_223' title='bbox 624 2178 750 2220; x_wconf 87' lang='lat' dir='ltr'>contendunt</span> 
     </span>
     <span class='ocr_line' id='line_1_30' title="bbox 41 2251 750 2309; baseline 0.004 -17"><span class='ocrx_word' id='word_1_224' title='bbox 41 2254 147 2309; x_wconf 76' lang='lat' dir='ltr'>inopiam,</span> <span class='ocrx_word' id='word_1_225' title='bbox 162 2251 267 2308; x_wconf 85' lang='lat' dir='ltr'>quodiam</span> <span class='ocrx_word' id='word_1_226' title='bbox 282 2266 293 2293; x_wconf 88' lang='lat' dir='ltr'>a</span> <span class='ocrx_word' id='word_1_227' title='bbox 306 2265 469 2293; x_wconf 73' lang='lat' dir='ltr'>uuuounmacro</span> <span class='ocrx_word' id='word_1_228' title='bbox 484 2258 573 2292; x_wconf 88' lang='lat' dir='ltr'>sumtum</span> <span class='ocrx_word' id='word_1_229' title='bbox 590 2261 698 2309; x_wconf 87' lang='lat' dir='ltr'>nostraque</span> <span class='ocrx_word' id='word_1_230' title='bbox 706 2268 750 2295; x_wconf 86' lang='lat' dir='ltr'>me-</span> 
     </span>
     <span class='ocr_line' id='line_1_31' title="bbox 40 2327 749 2383; baseline 0.004 -15"><span class='ocrx_word' id='word_1_231' title='bbox 40 2327 105 2369; x_wconf 80' lang='lat' dir='ltr'>moria</span> <span class='ocrx_word' id='word_1_232' title='bbox 117 2335 251 2383; x_wconf 81' lang='lat' dir='ltr'>propagatum</span> <span class='ocrx_word' id='word_1_233' title='bbox 266 2327 342 2368; x_wconf 88' lang='lat' dir='ltr'>nollem</span> <span class='ocrx_word' id='word_1_234' title='bbox 357 2343 369 2369; x_wconf 87' lang='lat' dir='ltr'>a</span> <span class='ocrx_word' id='word_1_235' title='bbox 385 2340 541 2376; x_wconf 66' lang='lat' dir='ltr'>sentuosum,</span> <span class='ocrx_word' id='word_1_236' title='bbox 563 2343 664 2380; x_wconf 57' lang='lat' dir='ltr'>uranum,</span> <span class='ocrx_word' id='word_1_237' title='bbox 684 2344 749 2371; x_wconf 79' lang='lat' dir='ltr'>nunr-</span> 
     </span>
     <span class='ocr_line' id='line_1_32' title="bbox 41 2403 748 2457; baseline 0.006 -14"><span class='ocrx_word' id='word_1_238' title='bbox 41 2416 174 2443; x_wconf 78' lang='lat' dir='ltr'>scuuenmno.</span> <span class='ocrx_word' id='word_1_239' title='bbox 204 2403 228 2444; x_wconf 87' lang='lat' dir='ltr'>lu</span> <span class='ocrx_word' id='word_1_240' title='bbox 248 2403 296 2445; x_wconf 92' lang='lat' dir='ltr'>locis</span> <span class='ocrx_word' id='word_1_241' title='bbox 313 2403 378 2451; x_wconf 81' lang='lat' dir='ltr'>enirn,</span> <span class='ocrx_word' id='word_1_242' title='bbox 403 2408 502 2457; x_wconf 75' lang='lat' dir='ltr'>quesitum</span> <span class='ocrx_word' id='word_1_243' title='bbox 522 2404 618 2455; x_wconf 80' lang='lat' dir='ltr'>meruiui,</span> <span class='ocrx_word' id='word_1_244' title='bbox 644 2405 748 2457; x_wconf 85' lang='lat' dir='ltr'>omnibus,</span> 
     </span>
     <span class='ocr_line' id='line_1_33' title="bbox 42 2476 749 2536; baseline 0.004 -17"><span class='ocrx_word' id='word_1_245' title='bbox 42 2477 67 2519; x_wconf 86' lang='lat' dir='ltr'>nd</span> <span class='ocrx_word' id='word_1_246' title='bbox 88 2492 138 2533; x_wconf 91' lang='lat' dir='ltr'>quos</span> <span class='ocrx_word' id='word_1_247' title='bbox 153 2479 258 2532; x_wconf 82' lang='lat' dir='ltr'>provocari</span> <span class='ocrx_word' id='word_1_248' title='bbox 280 2478 339 2528; x_wconf 83' lang='lat' dir='ltr'>solet,</span> <span class='ocrx_word' id='word_1_249' title='bbox 359 2476 455 2533; x_wconf 75' lang='lat' dir='ltr'>generatis</span> <span class='ocrx_word' id='word_1_250' title='bbox 474 2477 610 2535; x_wconf 73' lang='lat' dir='ltr'>deprimendi</span> <span class='ocrx_word' id='word_1_251' title='bbox 629 2478 749 2536; x_wconf 82' lang='lat' dir='ltr'>significatio</span> 
     </span>
     <span class='ocr_line' id='line_1_34' title="bbox 42 2551 749 2613; baseline 0.01 -20"><span class='ocrx_word' id='word_1_252' title='bbox 42 2551 147 2594; x_wconf 85' lang='lat' dir='ltr'>retinenda</span> <span class='ocrx_word' id='word_1_253' title='bbox 156 2560 195 2602; x_wconf 82' lang='lat' dir='ltr'>est,</span> <span class='ocrx_word' id='word_1_254' title='bbox 212 2553 289 2595; x_wconf 85' lang='lat' dir='ltr'>etiarnsi</span> <span class='ocrx_word' id='word_1_255' title='bbox 297 2553 359 2595; x_wconf 85' lang='lat' dir='ltr'>oratio</span> <span class='ocrx_word' id='word_1_256' title='bbox 367 2552 513 2610; x_wconf 76' lang='lat' dir='ltr'>depressionis</span> <span class='ocrx_word' id='word_1_257' title='bbox 528 2554 622 2610; x_wconf 87' lang='lat' dir='ltr'>speciem,</span> <span class='ocrx_word' id='word_1_258' title='bbox 636 2563 655 2598; x_wconf 91' lang='lat' dir='ltr'>et</span> <span class='ocrx_word' id='word_1_259' title='bbox 665 2556 749 2613; x_wconf 88' lang='lat' dir='ltr'>quidem</span> 
     </span>
     <span class='ocr_line' id='line_1_35' title="bbox 42 2626 750 2687; baseline 0.011 -19"><span class='ocrx_word' id='word_1_260' title='bbox 42 2630 137 2687; x_wconf 67' lang='lat' dir='ltr'>europiam</span> <span class='ocrx_word' id='word_1_261' title='bbox 150 2626 249 2683; x_wconf 83' lang='lat' dir='ltr'>respiciat.</span> <span class='ocrx_word' id='word_1_262' title='bbox 264 2630 325 2670; x_wconf 91' lang='lat' dir='ltr'>Totus</span> <span class='ocrx_word' id='word_1_263' title='bbox 338 2628 400 2684; x_wconf 82' lang='lat' dir='ltr'>igitur</span> <span class='ocrx_word' id='word_1_264' title='bbox 411 2628 516 2683; x_wconf 83' lang='lat' dir='ltr'>acquiesco</span> <span class='ocrx_word' id='word_1_265' title='bbox 529 2630 551 2673; x_wconf 87' lang='lat' dir='ltr'>iu</span> <span class='ocrx_word' id='word_1_266' title='bbox 562 2629 601 2675; x_wconf 85' lang='lat' dir='ltr'>hac</span> <span class='ocrx_word' id='word_1_267' title='bbox 613 2630 750 2679; x_wconf 84' lang='lat' dir='ltr'>admonitione</span> 
     </span>
    </p>
   </div>
   <div class='ocr_carea' id='block_1_5' title="bbox 0 0 832 2790">
    <p class='ocr_par' dir='ltr' id='par_1_5' title="bbox 0 0 832 2790">
     <span class='ocr_line' id='line_1_36' title="bbox 0 0 832 2790; baseline 0 0"><span class='ocrx_word' id='word_1_268' title='bbox 0 0 832 2790; x_wconf 95' lang='lat' dir='ltr'> </span> 
     </span>
    </p>
   </div>
  </div>
 </body>
</html>
