1650 2790
290 70 336 99 ean.
351 58 377 99 ΙΙ,
394 72 449 101 vens.
466 61 486 100 3.
541 66 545 74 '
703 59 742 99 131

32 181 131 232 nendum,
147 180 303 240 Philippenses
317 195 402 223 monere
416 182 524 238 incepisse,
541 181 576 222 sed
590 180 669 238 ingenii
678 180 743 221 fervo-

32 275 64 309 re,
87 270 128 313 quo
143 256 273 308 incitaretur,
290 257 315 299 ad
329 255 432 313 Apodosin
447 258 487 300 ism
502 257 593 299 delatum
608 272 659 308 esse,
675 256 744 312 prius-

31 347 94 390 quam
108 331 200 372 Protesin
215 332 340 383 absolvisset,
356 339 379 374 ut
394 332 492 386 scriberet
504 339 593 374 tautum:
610 331 685 388 Μηδὲν
694 327 746 373 nand

31 407 117 465 ἐριθείαν
129 404 144 463 ἢ
157 407 279 458 κενοδοξίαν,
292 408 362 450 relicto
378 408 487 450 lectoribus
503 406 569 447 officio
585 407 678 448 orationis
693 407 746 448 Par-

31 483 99 538 ticipio
115 481 250 539 supplendae,
267 484 322 540 quod
337 484 380 539 ipse
394 484 417 524 in
429 489 499 523 mente
512 480 619 522 retineret:
629 480 668 523 hoc
676 488 745 523 autem

32 558 163 614 Partieipium
177 558 232 600 idem
247 557 299 600 illud
315 573 357 600 esse
372 559 484 608 ποιοῦντες,
504 555 570 613 quod,
588 571 636 598 cum
649 555 745 599 facillime

33 649 57 675 ex
69 633 159 676 oratione
173 634 309 691 intelligatur,
326 633 438 688 Scriptores
453 631 510 674 Sacri
525 639 545 673 et
560 632 623 673 exteri
638 633 747 674 sexcenties

35 708 138 750 omiserint
154 706 192 767 (1)
222 709 290 765 Atque
306 709 345 759 sio,
362 707 447 750 ducibus
464 721 584 749 oncunnmo
602 714 622 749 et
637 721 748 749 rusorum-

33 796 110 835 naero,
133 784 165 825 vel
187 783 253 839 potius
274 783 388 839 Interprete
408 781 467 838 Syro
487 782 638 839 antiquissimo,
654 782 748 839 plerique

32 857 149 900 iudicarunt
163 857 209 900 Viri
223 858 293 909 Docti,
311 859 372 900 etiam
387 873 486 909 enorrus,
497 855 627 915 ‘quamquam
640 856 692 900 haec
702 872 749 899 ver-

33 934 69 983 ba,
84 940 109 973 ut
124 931 222 982 vidimus,
239 947 287 974 cunr
303 933 439 989 superioribus
455 934 566 976 arctissime
581 941 710 975 connectens.

61 1006 190 1049 lamdietum
196 1007 260 1064 μηδὲν
273 1007 324 1051 κατα
336 1008 423 1066 ἐριθείαν
434 1007 449 1065 ἢ
460 1010 571 1058 κενοδοξίαν
574 1009 631 1061 ,scil
641 1009 749 1059 ποιοῦντες,

33 1083 99 1139 primo
115 1082 212 1139 adspectu
226 1083 296 1125 minus
309 1084 429 1140 perplexum
444 1098 486 1125 esse
501 1083 591 1133 videtur,
609 1086 671 1139 quain
680 1095 750 1122 revera

35 1166 70 1199 est.
99 1158 130 1199 De
151 1172 200 1200 voce
222 1158 299 1216 ἓριθεία
312 1173 373 1200 uerno
389 1158 467 1201 doctius
482 1157 581 1214 disputat,
597 1172 660 1214 quarn
678 1170 751 1205 rnrrz—

34 1247 105 1275 sennis
118 1230 160 1290 (2);
178 1248 216 1275 nec
232 1241 300 1275 tamen
316 1233 424 1290 disputatio
440 1233 483 1274 eius
497 1233 526 1275 ita
541 1239 657 1288 comparata
672 1238 712 1282 est,
728 1238 752 1273 ut

34 1323 69 1350 me
87 1308 190 1363 poeniteat
210 1323 292 1359 eorum,
312 1323 365 1364 quae
386 1308 457 1364 scripsi
473 1307 499 1350 ad
518 1309 594 1363 cap.I:
612 1309 650 1357 16,
665 1311 713 1350 oum
729 1321 752 1349 ea

36 1382 128 1425 nondum
144 1382 175 1424 nti
189 1390 287 1438 poteram.
305 1383 365 1437 Quod
379 1384 434 1424 enim
447 1375 485 1426 Vir
492 1382 569 1424 Doctus
583 1381 621 1422 sibi
632 1395 752 1437 persuasum

35 1458 112 1500 hahere
132 1457 170 1508 ait,
184 1456 221 1514 τήν
235 1457 324 1515 ἐριθείαν
336 1458 359 1499 iu
372 1459 429 1499 Nono
441 1459 569 1499 Testamento
581 1456 660 1513 ubique
674 1456 754 1513 signifi—

38 1548 84 1576 care
105 1547 209 1574 summam
226 1533 335 1575 invidiam
344 1538 433 1591 pectore
448 1533 569 1574 coriclnsam
578 1533 754 1589 proclivitatem-

38 1622 80 1665 qae
104 1607 137 1650 ad
154 1608 338 1657 machinationes,
359 1608 392 1649 rix
415 1606 471 1650 aliud
494 1622 556 1664 quum
577 1608 694 1650 coniectura
713 1616 754 1658 est,

39 1682 73 1724 oui
84 1683 224 1726 coniecturam
239 1698 341 1739 opponere
357 1684 410 1725 licet.
440 1683 513 1738 Neque
527 1682 579 1725 illud
595 1683 653 1725 valde
667 1699 688 1725 se
700 1698 755 1725 eom-

38 1757 132 1807 meudat,
153 1757 170 1799 si
185 1758 374 1807 animadvertimus,
390 1756 444 1799 hanc
456 1758 657 1813 interpretationem,
673 1766 693 1800 et
706 1774 757 1800 ver-

38 1831 150 1883 bosiorem,
173 1839 193 1873 et
212 1847 259 1874 vero
278 1833 340 1875 talem
356 1848 408 1884 esse,
430 1839 452 1875 ul
465 1833 509 1889 ipse
523 1848 567 1875 cam
581 1832 660 1876 deserat
673 1842 755 1883 auctor,

40 1907 116 1963 quippe
131 1907 218 1949 formula
234 1913 276 1958 τοῖς
289 1910 310 1958 ἔξ
324 1908 411 1966 ἐριθείας
425 1907 488 1950 Rom.
503 1909 533 1950 H:
551 1912 564 1951 8
581 1910 694 1965 generatim
714 1910 757 1951 Ιιο-

40 1984 110 2024 mincs
130 1996 223 2040 nequam
243 1983 334 2024 denotari
354 1982 485 2025 contendeus.
517 1984 622 2027 Sententia
641 1992 723 2035 autem,
746 2000 756 2025 a

41 2072 74 2099 me
95 2057 208 2114 proposita,
226 2072 276 2100 voce
297 2058 373 2114 ἐριθεία
393 2058 534 2116 ciqoiditntem
549 2058 591 2101 dici
605 2061 641 2101 sni
653 2058 758 2117 effererzdi

42 2133 73 2174 vel
87 2134 231 2183 ambitionem,
247 2132 303 2183 vide,
320 2147 383 2189 quarn
396 2133 478 2190 egregie
493 2132 635 2186 confirmetur,
650 2149 698 2176 cum
709 2150 758 2177 rsu-

42 2222 88 2259 nos,
109 2210 197 2267 ἐριθείαν
216 2216 236 2250 et
249 2208 361 2259 κενοδοξίαν
374 2208 450 2263 pariter
465 2224 476 2250 a
493 2207 676 2268 Philippensibus
690 2211 758 2252 abesse

40 2281 125 2334 iubens,
147 2285 230 2327 alterius
246 2283 377 2340 explicandae
397 2299 457 2327 causa
476 2284 560 2326 alteram
578 2286 597 2327 ei
609 2286 708 2343 adiungat
721 2301 759 2341 per

41 2357 164 2400 Particulam
177 2357 204 2416 ἦ,
218 2374 305 2416 quamn
319 2359 421 2401 Particula
435 2360 470 2420 καί
481 2359 523 2414 ipse
536 2374 666 2403 rnrrzsenrus
676 2358 707 2418 (3)
723 2375 758 2417 re-

472 2436 475 2454 l

67 2552 92 2598 (l)
104 2555 214 2598 Exemplorum
226 2560 285 2602 copiam
296 2558 372 2601 praebent
383 2566 409 2589 οὓς
420 2558 433 2589 l.
445 2571 458 2590 c.
471 2570 487 2601 p.
501 2560 535 2591 nan
546 2571 580 2602 sqq.
593 2559 617 2591 cf.
625 2567 684 2592 iernen.
693 2571 709 2603 p.
718 2563 758 2594 526.

67 2616 92 2660 (2)
106 2618 192 2650 Oonament.
205 2621 223 2651 in
236 2622 270 2664 Ep.
286 2622 308 2652 od
319 2622 366 2653 Rom.
379 2632 395 2663 p.
408 2621 441 2651 143
454 2631 488 2663 sqq.

66 2677 90 2721 (3)
104 2677 193 2714 Commeat.
204 2682 224 2711 in
235 2680 342 2715 nstrata:
356 2683 383 2713 13.
