1650 2790
282 71 326 97 cur.
342 56 358 96 l.
374 70 429 95 runs,
447 57 481 104 23,
498 54 532 93 24.
722 53 760 92 101

54 182 168 242 probatam,
185 179 294 221 sententiae
307 178 348 219 iarn
360 176 465 218 inchoatae
478 175 587 232 Apodosin.
617 172 657 214 Sed
669 172 718 213 huie
731 171 764 213 di-

54 256 153 300 stinctioni
162 268 245 311 quoqne
255 252 329 294 veadem
343 252 421 293 obstant
434 258 563 308 argumenta,
577 264 630 306 (qliae
643 261 715 290 rocem
730 244 766 288 δύο

54 348 101 376 cnm
113 329 170 387 Syro
185 329 210 371 ad
223 327 327 384 sequentia
339 326 415 369 referre
427 333 501 368 retent,
533 326 601 378 Quare
614 323 685 373 colon,
698 320 765 362 versui

55 403 181 463 praecedenti
192 403 316 452 subiectum,
329 400 418 443 mutetur
428 400 451 441 in
464 406 576 455 punctum,
590 406 613 439 ut
625 394 766 439 sententiahic

54 483 143 538 legatur,
165 493 217 534 [quae
238 491 286 519 eum
307 475 406 531 superiori
428 473 512 529 quidem
533 471 649 521 cohaereat,
667 471 701 513 sed
715 485 766 523 nora

55 564 121 596 tumen
134 553 159 594 sit
171 553 249 609 sibique
263 558 346 593 constet.
372 548 491 603 Apostolus,
503 561 587 602 nempe,
600 545 630 586 sui
643 561 698 587 nnuc
708 546 769 602 plane

55 629 182 677 obliviscens,
199 627 225 669 ad
242 625 294 666 illud
310 637 376 664 unum
394 620 478 663 attendit
495 621 599 671 animum,
614 619 670 676 quod
682 621 770 675 postulat

54 706 131 746 bonum
148 714 263 745 commune,
283 698 338 745 ,Hoc
351 703 420 739 eutem
433 696 470 738 sibi
485 696 538 737 vult:
558 695 598 737 Ad
609 700 704 738 oestrum
720 708 770 736 ecre

55 780 146 820 salntem
158 777 231 833 oringis
246 786 330 815 necesse
346 776 388 821 est,
403 777 437 820 nt,
453 786 519 813 cerne
538 770 670 820 adstruente,
687 770 770 811 cletitius

55 854 91 895 ete
104 863 251 911 perinaneem.
284 847 377 891 Carnem
396 861 438 887 non
457 860 494 901 pro
514 860 614 904 corpore,
635 852 658 887 ut
677 845 770 887 nonnulli

56 933 137 983 putant,
150 924 185 967 sed
194 922 315 967 contemtius
329 920 388 970 dicit,
402 921 481 963 labores
494 922 602 972 miserans,
618 920 692 976 quibus
708 921 772 963 earnis

57 1003 103 1044 lacit
114 1008 197 1053 nature,
211 1006 234 1040 ut
248 997 359 1039 obiiciatur.
383 996 461 1038 Deinde
469 996 547 1053 scripsit
556 1000 578 1039 ἐν
587 997 650 1055 σαρκί,
659 1003 682 1038 ut
694 999 703 1037 1
719 996 769 1040 Cor.

56 1077 112 1121 XVI:
127 1079 140 1118 ὅ
158 1079 179 1119 ἒν
191 1073 277 1132 Ἐφέσοιο,
291 1072 387 1128 quoniam
404 1087 451 1114 earo
465 1079 562 1128 tanquam
575 1072 636 1114 sedes
651 1072 713 1114 animi
732 1079 771 1114 est:

56 1152 103 1193 olibi
112 1165 171 1200 uero,
180 1148 375 1190 adhaesitationes
382 1154 463 1188 tantum
472 1147 598 1203 significans,
607 1147 669 1190 rerho
677 1147 773 1200 ἐπιμένειν

58 1226 167 1281 postposuit
185 1237 266 1264 merum
284 1222 390 1272 Datirum,
410 1221 440 1263 nti
458 1220 523 1264 Ilom.
541 1222 581 1266 VI:
598 1225 616 1265 1.
635 1223 674 1264 XI:
691 1225 718 1264 22
734 1230 772 1265 eet.

57 1299 117 1353 Quod
130 1299 238 1340 discrimen
251 1297 327 1338 librarii
340 1296 467 1355 negligentes
478 1304 497 1339 et
507 1297 635 1339 studiosiores
644 1298 773 1345 Graecitatis,

60 1373 227 1429 praepositionem
245 1373 267 1414 ἐν
286 1371 402 1413 omiserunt.
434 1372 486 1412 Turn
505 1372 628 1413 Pronomine
647 1373 702 1426 ὑμᾶς
718 1372 773 1415 Pei:-

58 1450 165 1506 lzppcnses
180 1446 279 1502 imprimis
297 1445 399 1504 designat,
417 1461 489 1488 rerum
508 1462 577 1489 omnes
590 1455 670 1498 tamen,
684 1455 708 1488 ut
720 1448 773 1490 hene

59 1530 127 1565 monet
141 1537 241 1571 cronius,
257 1535 341 1563 cnnssrr
354 1529 461 1564 sectatores
474 1522 505 1563 sui
520 1522 613 1579 aequales
624 1522 772 1578 complectitur.

58 1598 219 1653 Comparatirrmr
231 1604 298 1639 nutem
308 1592 458 1654 ἀναγκαιότερον
468 1610 583 1639 nousrsnus
594 1597 689 1653 quidem,
698 1613 773 1639 nosnu-

60 1687 163 1714 numunns
175 1672 260 1728 aliique,
276 1672 336 1712 etiarn
349 1672 472 1727 lnterpretes
485 1671 551 1714 mtdto
564 1672 698 1728 antiquiores,
711 1673 772 1729 expli-

60 1755 105 1789 cant
113 1753 225 1804 praestet·
238 1746 274 1787 sed
285 1747 342 1788 nulla
352 1747 376 1788 iis
388 1746 482 1789 habenda
494 1747 544 1789 fides
558 1754 591 1789 est.
612 1748 636 1788 ln
647 1747 696 1789 loeis
707 1748 772 1798 eninr,

59 1821 132 1876 quilius
151 1836 171 1862 se
187 1820 240 1862 tueri
258 1827 367 1871 conentur,
385 1821 514 1863 Adiectivnm
530 1822 636 1877 ἀναγκαῖος
649 1821 700 1864 nihil
718 1822 773 1864 aliud

59 1894 158 1951 significet
175 1909 237 1950 qnam
253 1897 406 1938 necessarium.
437 1896 462 1937 Et
475 1897 491 1938 si
506 1897 538 1939 vel
551 1897 701 1953 Corrrparntirus
713 1897 773 1952 drey-

59 1968 156 2026 aenicspov
179 1970 254 2011 alieubi
281 1970 307 2011 de
333 1985 356 2012 eo
382 1970 472 2022 dicatur,
498 1972 554 2027 quod
574 1978 692 2031 prccstet;
719 1972 773 2014 ltane

59 2053 114 2087 certe
132 2046 236 2087 notionem
255 2061 297 2087 non
314 2045 396 2088 habebit
414 2047 436 2087 in
456 2047 556 2098 oratione,
577 2049 599 2090 in
620 2063 660 2104 qua
681 2049 773 2104 proxime

60 2120 162 2175 praeeedit
177 2135 216 2162 von
230 2126 323 2176 κρεῖσσον.
352 2121 392 2163 Sed
408 2123 443 2179 qui
456 2123 620 2178 Comparatirum
632 2124 661 2167 ite
672 2125 773 2180 interpre-

11 2201 12 2204 ’
61 2201 137 2245 tenter,
160 2203 250 2237 mentem
272 2197 359 2238 alienam
382 2196 478 2252 Apostolo
501 2197 609 2254 affingere,
630 2199 671 2241 iem
693 2214 771 2248 usares,

62 2284 158 2311 iussurus
177 2271 252 2327 aliique
270 2271 316 2313 satis
333 2271 470 2314 ostenderunt.
501 2273 656 2328 Aeqnieseimus
672 2274 734 2330 igitur
750 2274 772 2314 in

61 2343 225 2398 interpretatione
237 2346 325 2402 vulgari:
339 2349 412 2404 nzagts
425 2362 509 2389 neeesse
520 2353 563 2397 est,
577 2363 662 2404 nempe,
673 2363 737 2406 quem
748 2356 772 2391 al

61 2432 105 2459 aueo
118 2418 343 2477 desideriosete'sfiet.
369 2421 463 2463 Ceterum
478 2422 494 2463 si
506 2421 545 2463 hoe
556 2423 639 2465 effatum
649 2438 719 2475 raum,
731 2440 773 2467 non

35 2483 36 2486 Ἴ
62 2492 121 2534 aliam
132 2494 193 2535 vitam
205 2511 266 2556 quam
277 2496 315 2538 sibi
325 2511 465 2538 aerumnosam
477 2498 622 2552 praevidentis,
635 2499 773 2543 meminissent

62 2566 163 2618 homines,
173 2570 209 2623 qui
220 2578 288 2625 postea
295 2571 459 2614 ardoresanatieo
466 2572 490 2614 ad
497 2573 669 2629 llurtyriiseilieet
677 2590 773 2618 coronam

63 2651 201 2696 properarent,
212 2645 315 2689 aruleciam
327 2648 424 2701 profecto,
435 2655 458 2689 ut
467 2647 560 2697 arbitror,
570 2649 637 2703 pudor
645 2653 773 2694 coercuisset,
