<?xml version="1.0" encoding="UTF-8"?>
<!DOCTYPE html PUBLIC "-//W3C//DTD XHTML 1.0 Transitional//EN"
    "http://www.w3.org/TR/xhtml1/DTD/xhtml1-transitional.dtd">
<html xmlns="http://www.w3.org/1999/xhtml" xml:lang="en" lang="en">
 <head>
  <title>
</title>
<meta http-equiv="Content-Type" content="text/html;charset=utf-8" />
  <meta name='ocr-system' content='tesseract 3.04.00' />
  <meta name='ocr-capabilities' content='ocr_page ocr_carea ocr_par ocr_line ocrx_word'/>
</head>
<body>
  <div class='ocr_page' id='page_1' title='image "./MN41518ucmf_1_0113.png"; bbox 0 0 1650 2790; ppageno 0'>
   <div class='ocr_carea' id='block_1_1' title="bbox 296 54 753 99">
    <p class='ocr_par' dir='ltr' id='par_1_1' title="bbox 296 54 753 99">
     <span class='ocr_line' id='line_1_1' title="bbox 296 54 753 99; baseline -0.022 0"><span class='ocrx_word' id='word_1_1' title='bbox 296 73 340 99; x_wconf 77' lang='lat' dir='ltr'>car.</span> <span class='ocrx_word' id='word_1_2' title='bbox 357 58 373 98; x_wconf 88' lang='lat'>1.</span> <span class='ocrx_word' id='word_1_3' title='bbox 390 71 445 98; x_wconf 49' lang='lat' dir='ltr'>rinus.</span> <span class='ocrx_word' id='word_1_4' title='bbox 462 58 496 96; x_wconf 80' lang='lat'>21.</span> <span class='ocrx_word' id='word_1_5' title='bbox 725 54 753 94; x_wconf 82' lang='grc'>89</span> 
     </span>
    </p>
   </div>
   <div class='ocr_carea' id='block_1_2' title="bbox 42 174 798 1430">
    <p class='ocr_par' dir='ltr' id='par_1_2' title="bbox 42 174 798 1430">
     <span class='ocr_line' id='line_1_2' title="bbox 45 174 757 235; baseline -0.015 -8"><span class='ocrx_word' id='word_1_6' title='bbox 45 184 123 228; x_wconf 84' lang='lat' dir='ltr'>ctoritas</span> <span class='ocrx_word' id='word_1_7' title='bbox 136 195 173 235; x_wconf 82' lang='lat' dir='ltr'>per</span> <span class='ocrx_word' id='word_1_8' title='bbox 187 195 207 220; x_wconf 91' lang='lat' dir='ltr'>se</span> <span class='ocrx_word' id='word_1_9' title='bbox 221 179 293 235; x_wconf 79' lang='lat' dir='ltr'>exigua</span> <span class='ocrx_word' id='word_1_10' title='bbox 304 177 336 219; x_wconf 91' lang='lat' dir='ltr'>vel</span> <span class='ocrx_word' id='word_1_11' title='bbox 350 178 411 233; x_wconf 86' lang='lat' dir='ltr'>plane</span> <span class='ocrx_word' id='word_1_12' title='bbox 424 178 481 221; x_wconf 89' lang='lat' dir='ltr'>nulla</span> <span class='ocrx_word' id='word_1_13' title='bbox 494 185 533 230; x_wconf 67' lang='lat' dir='ltr'>est,</span> <span class='ocrx_word' id='word_1_14' title='bbox 546 178 574 219; x_wconf 89' lang='lat' dir='ltr'>ita</span> <span class='ocrx_word' id='word_1_15' title='bbox 585 174 694 218; x_wconf 78' lang='lat' dir='ltr'>declaratio</span> <span class='ocrx_word' id='word_1_16' title='bbox 702 175 757 230; x_wconf 87' lang='lat' dir='ltr'>Apo-</span> 
     </span>
     <span class='ocr_line' id='line_1_3' title="bbox 44 251 757 311; baseline -0.014 -10"><span class='ocrx_word' id='word_1_17' title='bbox 44 259 88 302; x_wconf 82' lang='lat' dir='ltr'>stoli</span> <span class='ocrx_word' id='word_1_18' title='bbox 105 255 196 311; x_wconf 79' lang='lat' dir='ltr'><strong>proxime</strong></span> <span class='ocrx_word' id='word_1_19' title='bbox 215 268 311 310; x_wconf 84' lang='lat' dir='ltr'>sequens,</span> <span class='ocrx_word' id='word_1_20' title='bbox 327 252 430 308; x_wconf 82' lang='lat' dir='ltr'>optionem</span> <span class='ocrx_word' id='word_1_21' title='bbox 444 253 482 294; x_wconf 78' lang='lat' dir='ltr'>sihi</span> <span class='ocrx_word' id='word_1_22' title='bbox 498 251 602 295; x_wconf 89' lang='lat' dir='ltr'>difficilem</span> <span class='ocrx_word' id='word_1_23' title='bbox 617 266 670 302; x_wconf 89' lang='lat' dir='ltr'>esse,</span> <span class='ocrx_word' id='word_1_24' title='bbox 685 264 757 298; x_wconf 82' lang='lat' dir='ltr'>vocem</span> 
     </span>
     <span class='ocr_line' id='line_1_4' title="bbox 44 326 757 385; baseline -0.011 -11"><span class='ocrx_word' id='word_1_25' title='bbox 44 329 139 383; x_wconf 74' lang='grc' dir='ltr'>Χριστός,</span> <span class='ocrx_word' id='word_1_26' title='bbox 153 337 175 371; x_wconf 90' lang='lat' dir='ltr'>ut</span> <span class='ocrx_word' id='word_1_27' title='bbox 190 329 239 371; x_wconf 88' lang='lat' dir='ltr'>scite</span> <span class='ocrx_word' id='word_1_28' title='bbox 249 329 330 370; x_wconf 91' lang='lat' dir='ltr'>monuit</span> <span class='ocrx_word' id='word_1_29' title='bbox 344 342 455 370; x_wconf 78' lang='lat' dir='ltr'>rueramus</span> <span class='ocrx_word' id='word_1_30' title='bbox 470 326 513 385; x_wconf 81' lang='lat' dir='ltr'>(t),</span> <span class='ocrx_word' id='word_1_31' title='bbox 530 327 612 369; x_wconf 90' lang='lat' dir='ltr'>omuino</span> <span class='ocrx_word' id='word_1_32' title='bbox 624 333 700 368; x_wconf 85' lang='lat' dir='ltr'>tuetur.</span> <span class='ocrx_word' id='word_1_33' title='bbox 720 326 757 383; x_wconf 20' lang='lat' dir='ltr'>*Et</span> 
     </span>
     <span class='ocr_line' id='line_1_5' title="bbox 44 399 757 459; baseline -0.011 -10"><span class='ocrx_word' id='word_1_34' title='bbox 44 408 139 450; x_wconf 86' lang='lat' dir='ltr'>hactenus</span> <span class='ocrx_word' id='word_1_35' title='bbox 154 405 286 459; x_wconf 88' lang='lat' dir='ltr'>Interpretes,</span> <span class='ocrx_word' id='word_1_36' title='bbox 301 404 318 445; x_wconf 72' lang='lat' dir='ltr'>&#39;si</span> <span class='ocrx_word' id='word_1_37' title='bbox 337 409 470 453; x_wconf 68' lang='lat' dir='ltr'>nicandrum,</span> <span class='ocrx_word' id='word_1_38' title='bbox 484 415 639 443; x_wconf 78' lang='lat' dir='ltr'>vanscuumiuu</span> <span class='ocrx_word' id='word_1_39' title='bbox 655 399 685 459; x_wconf 82' lang='lat'>(2)</span> <span class='ocrx_word' id='word_1_40' title='bbox 702 416 757 457; x_wconf 93' lang='lat' dir='ltr'>pau-</span> 
     </span>
     <span class='ocr_line' id='line_1_6' title="bbox 45 475 756 536; baseline -0.01 -12"><span class='ocrx_word' id='word_1_41' title='bbox 45 495 118 536; x_wconf 91' lang='lat' dir='ltr'>cosque</span> <span class='ocrx_word' id='word_1_42' title='bbox 132 479 179 520; x_wconf 83' lang='lat' dir='ltr'>alios</span> <span class='ocrx_word' id='word_1_43' title='bbox 193 479 313 534; x_wconf 79' lang='lat' dir='ltr'>excipimus,</span> <span class='ocrx_word' id='word_1_44' title='bbox 327 479 380 520; x_wconf 87' lang='lat' dir='ltr'>inter</span> <span class='ocrx_word' id='word_1_45' title='bbox 394 494 415 520; x_wconf 90' lang='lat' dir='ltr'>se</span> <span class='ocrx_word' id='word_1_46' title='bbox 428 476 564 520; x_wconf 87' lang='lat' dir='ltr'>consentiunt.</span> <span class='ocrx_word' id='word_1_47' title='bbox 595 476 624 516; x_wconf 89' lang='lat' dir='ltr'>De</span> <span class='ocrx_word' id='word_1_48' title='bbox 639 475 699 517; x_wconf 89' lang='lat' dir='ltr'>huius</span> <span class='ocrx_word' id='word_1_49' title='bbox 711 491 756 517; x_wconf 83' lang='lat' dir='ltr'>ver-</span> 
     </span>
     <span class='ocr_line' id='line_1_7' title="bbox 43 550 756 609; baseline -0.013 -10"><span class='ocrx_word' id='word_1_50' title='bbox 43 572 75 599; x_wconf 89' lang='lat' dir='ltr'>sus</span> <span class='ocrx_word' id='word_1_51' title='bbox 88 550 215 597; x_wconf 87' lang='lat' dir='ltr'>distinetione</span> <span class='ocrx_word' id='word_1_52' title='bbox 229 562 248 596; x_wconf 90' lang='lat' dir='ltr'>et</span> <span class='ocrx_word' id='word_1_53' title='bbox 261 553 427 609; x_wconf 77' lang='lat' dir='ltr'>interpretatione</span> <span class='ocrx_word' id='word_1_54' title='bbox 436 552 501 594; x_wconf 88' lang='lat' dir='ltr'>acrior</span> <span class='ocrx_word' id='word_1_55' title='bbox 513 551 581 607; x_wconf 83' lang='lat' dir='ltr'>agitur</span> <span class='ocrx_word' id='word_1_56' title='bbox 593 550 690 605; x_wconf 77' lang='lat' dir='ltr'>quaestio.</span> <span class='ocrx_word' id='word_1_57' title='bbox 707 551 756 592; x_wconf 85' lang='lat' dir='ltr'>Satis</span> 
     </span>
     <span class='ocr_line' id='line_1_8' title="bbox 43 624 755 687; baseline -0.008 -15"><span class='ocrx_word' id='word_1_58' title='bbox 43 631 113 681; x_wconf 77' lang='lat' dir='ltr'>multi,</span> <span class='ocrx_word' id='word_1_59' title='bbox 126 645 212 687; x_wconf 83' lang='lat' dir='ltr'>neiripe,</span> <span class='ocrx_word' id='word_1_60' title='bbox 225 628 380 683; x_wconf 85' lang='lat' dir='ltr'>Doctissimique</span> <span class='ocrx_word' id='word_1_61' title='bbox 392 627 437 670; x_wconf 90' lang='lat' dir='ltr'>Viri</span> <span class='ocrx_word' id='word_1_62' title='bbox 450 625 563 667; x_wconf 85' lang='lat' dir='ltr'>orationem</span> <span class='ocrx_word' id='word_1_63' title='bbox 575 624 603 667; x_wconf 85' lang='lat' dir='ltr'>ita</span> <span class='ocrx_word' id='word_1_64' title='bbox 618 624 755 682; x_wconf 84' lang='lat' dir='ltr'>distinguunt,</span> 
     </span>
     <span class='ocr_line' id='line_1_9' title="bbox 43 693 758 758; baseline -0.01 -10"><span class='ocrx_word' id='word_1_65' title='bbox 43 714 76 756; x_wconf 86' lang='lat' dir='ltr'>ut,</span> <span class='ocrx_word' id='word_1_66' title='bbox 95 705 133 748; x_wconf 89' lang='lat' dir='ltr'>hoc</span> <span class='ocrx_word' id='word_1_67' title='bbox 145 706 215 747; x_wconf 77' lang='lat' dir='ltr'>ordine</span> <span class='ocrx_word' id='word_1_68' title='bbox 228 704 292 745; x_wconf 80' lang='lat' dir='ltr'>verbis</span> <span class='ocrx_word' id='word_1_69' title='bbox 308 701 428 744; x_wconf 88' lang='lat' dir='ltr'>constituto:</span> <span class='ocrx_word' id='word_1_70' title='bbox 443 699 531 758; x_wconf 77' lang='grc' dir='ltr'><strong><em>Χριστός</em></strong></span> <span class='ocrx_word' id='word_1_71' title='bbox 543 700 581 757; x_wconf 67' lang='grc' dir='ltr'>γάρ</span> <span class='ocrx_word' id='word_1_72' title='bbox 593 693 639 754; x_wconf 74' lang='grc' dir='ltr'>ἐμοὶ</span> <span class='ocrx_word' id='word_1_73' title='bbox 654 699 723 757; x_wconf 74' lang='grc' dir='ltr'><em>κέρδος</em></span> <span class='ocrx_word' id='word_1_74' title='bbox 734 698 758 742; x_wconf 74' lang='lat' dir='ltr'>rii</span> 
     </span>
     <span class='ocr_line' id='line_1_10' title="bbox 44 776 757 840; baseline -0.01 -18"><span class='ocrx_word' id='word_1_75' title='bbox 44 784 82 840; x_wconf 77' lang='grc' dir='ltr'>ζῇν</span> <span class='ocrx_word' id='word_1_76' title='bbox 95 782 128 823; x_wconf 73' lang='grc' dir='ltr'>καὶ</span> <span class='ocrx_word' id='word_1_77' title='bbox 141 779 164 823; x_wconf 66' lang='lat' dir='ltr'>ro*</span> <span class='ocrx_word' id='word_1_78' title='bbox 178 779 301 829; x_wconf 66' lang='grc' dir='ltr'><em>ἀποθανεῖν,</em></span> <span class='ocrx_word' id='word_1_79' title='bbox 318 791 416 818; x_wconf 74' lang='lat' dir='ltr'>eumerus</span> <span class='ocrx_word' id='word_1_80' title='bbox 433 790 500 817; x_wconf 78' lang='lat' dir='ltr'>ranno</span> <span class='ocrx_word' id='word_1_81' title='bbox 519 781 563 817; x_wconf 78' lang='lat' dir='ltr'>torn</span> <span class='ocrx_word' id='word_1_82' title='bbox 581 776 605 815; x_wconf 79' lang='lat' dir='ltr'>in</span> <span class='ocrx_word' id='word_1_83' title='bbox 619 777 677 826; x_wconf 76' lang='lat' dir='ltr'>cito,</span> <span class='ocrx_word' id='word_1_84' title='bbox 693 789 757 832; x_wconf 72' lang='lat' dir='ltr'>parom</span> 
     </span>
     <span class='ocr_line' id='line_1_11' title="bbox 43 850 757 907; baseline -0.007 -11"><span class='ocrx_word' id='word_1_85' title='bbox 43 858 67 896; x_wconf 79' lang='lat' dir='ltr'>in</span> <span class='ocrx_word' id='word_1_86' title='bbox 87 859 155 895; x_wconf 80' lang='lat' dir='ltr'>morte</span> <span class='ocrx_word' id='word_1_87' title='bbox 174 854 258 894; x_wconf 75' lang='lat' dir='ltr'>lucrator</span> <span class='ocrx_word' id='word_1_88' title='bbox 280 865 326 893; x_wconf 82' lang='lat' dir='ltr'>esse</span> <span class='ocrx_word' id='word_1_89' title='bbox 346 850 482 907; x_wconf 84' lang='lat' dir='ltr'>praedicetur.</span> <span class='ocrx_word' id='word_1_90' title='bbox 513 851 565 892; x_wconf 82' lang='lat' dir='ltr'>Sunt</span> <span class='ocrx_word' id='word_1_91' title='bbox 582 850 643 893; x_wconf 82' lang='lat' dir='ltr'>rerba</span> <span class='ocrx_word' id='word_1_92' title='bbox 659 865 757 900; x_wconf 78' lang='lat' dir='ltr'>oaivrm,</span> 
     </span>
     <span class='ocr_line' id='line_1_12' title="bbox 44 928 758 977; baseline -0.004 -6"><span class='ocrx_word' id='word_1_93' title='bbox 44 929 77 971; x_wconf 89' lang='lat' dir='ltr'>eui</span> <span class='ocrx_word' id='word_1_94' title='bbox 96 928 232 970; x_wconf 86' lang='lat' dir='ltr'>assentiuntur</span> <span class='ocrx_word' id='word_1_95' title='bbox 247 942 307 977; x_wconf 73' lang='lat' dir='ltr'>anza,</span> <span class='ocrx_word' id='word_1_96' title='bbox 326 941 416 968; x_wconf 72' lang='lat' dir='ltr'>suasurus</span> <span class='ocrx_word' id='word_1_97' title='bbox 428 940 548 974; x_wconf 84' lang='lat' dir='ltr'>sonuimus,</span> <span class='ocrx_word' id='word_1_98' title='bbox 566 940 680 968; x_wconf 77' lang='lat' dir='ltr'>annuamus</span> <span class='ocrx_word' id='word_1_99' title='bbox 692 942 706 968; x_wconf 78' lang='lat' dir='ltr'>a</span> <span class='ocrx_word' id='word_1_100' title='bbox 719 942 758 968; x_wconf 79' lang='lat' dir='ltr'>m-</span> 
     </span>
     <span class='ocr_line' id='line_1_13' title="bbox 43 1000 757 1056; baseline -0.006 -10"><span class='ocrx_word' id='word_1_101' title='bbox 43 1019 98 1055; x_wconf 81' lang='lat' dir='ltr'>rruu,</span> <span class='ocrx_word' id='word_1_102' title='bbox 114 1005 232 1053; x_wconf 58' lang='lat' dir='ltr'>pommus,</span> <span class='ocrx_word' id='word_1_103' title='bbox 254 1017 369 1053; x_wconf 71' lang='lat' dir='ltr'>muuauus,</span> <span class='ocrx_word' id='word_1_104' title='bbox 392 1001 453 1043; x_wconf 90' lang='lat' dir='ltr'>etiam</span> <span class='ocrx_word' id='word_1_105' title='bbox 471 1002 573 1056; x_wconf 90' lang='lat' dir='ltr'>Interpres</span> <span class='ocrx_word' id='word_1_106' title='bbox 590 1001 612 1042; x_wconf 94' lang='lat' dir='ltr'>in</span> <span class='ocrx_word' id='word_1_107' title='bbox 624 1000 757 1045; x_wconf 68' lang='lat' dir='ltr'>uov.-.Test.</span> 
     </span>
     <span class='ocr_line' id='line_1_14' title="bbox 45 1075 757 1136; baseline -0.007 -14"><span class='ocrx_word' id='word_1_108' title='bbox 45 1078 67 1123; x_wconf 83' lang='lat' dir='ltr'><em>V</em></span> <span class='ocrx_word' id='word_1_109' title='bbox 66 1080 111 1136; x_wconf 74' lang='lat' dir='ltr'>olp-</span> <span class='ocrx_word' id='word_1_110' title='bbox 142 1078 181 1120; x_wconf 88' lang='lat' dir='ltr'>Sed</span> <span class='ocrx_word' id='word_1_111' title='bbox 195 1077 244 1119; x_wconf 85' lang='lat' dir='ltr'>hnic</span> <span class='ocrx_word' id='word_1_112' title='bbox 258 1076 429 1133; x_wconf 76' lang='lat' dir='ltr'>interpretationi,</span> <span class='ocrx_word' id='word_1_113' title='bbox 447 1075 502 1118; x_wconf 90' lang='lat' dir='ltr'>haud</span> <span class='ocrx_word' id='word_1_114' title='bbox 517 1077 570 1127; x_wconf 87' lang='lat' dir='ltr'>scio,</span> <span class='ocrx_word' id='word_1_115' title='bbox 586 1085 635 1132; x_wconf 90' lang='lat' dir='ltr'>quot</span> <span class='ocrx_word' id='word_1_116' title='bbox 648 1084 668 1118; x_wconf 91' lang='lat' dir='ltr'>et</span> <span class='ocrx_word' id='word_1_117' title='bbox 681 1084 757 1134; x_wconf 88' lang='lat' dir='ltr'>quanta</span> 
     </span>
     <span class='ocr_line' id='line_1_15' title="bbox 44 1150 757 1207; baseline -0.004 -12"><span class='ocrx_word' id='word_1_118' title='bbox 44 1154 131 1195; x_wconf 84' lang='lat' dir='ltr'>obstent:</span> <span class='ocrx_word' id='word_1_119' title='bbox 148 1152 210 1195; x_wconf 83' lang='lat' dir='ltr'>veluti</span> <span class='ocrx_word' id='word_1_120' title='bbox 220 1151 316 1207; x_wconf 87' lang='lat' dir='ltr'>intercipi</span> <span class='ocrx_word' id='word_1_121' title='bbox 330 1166 353 1193; x_wconf 88' lang='lat' dir='ltr'>ea</span> <span class='ocrx_word' id='word_1_122' title='bbox 365 1150 479 1193; x_wconf 82' lang='lat' dir='ltr'>Antithesin</span> <span class='ocrx_word' id='word_1_123' title='bbox 493 1165 554 1205; x_wconf 87' lang='lat' dir='ltr'>supra</span> <span class='ocrx_word' id='word_1_124' title='bbox 566 1150 688 1204; x_wconf 72' lang='lat' dir='ltr'>inchoatam,</span> <span class='ocrx_word' id='word_1_125' title='bbox 697 1152 757 1193; x_wconf 85' lang='lat' dir='ltr'>traie-</span> 
     </span>
     <span class='ocr_line' id='line_1_16' title="bbox 43 1225 757 1282; baseline -0.003 -12"><span class='ocrx_word' id='word_1_126' title='bbox 43 1229 131 1270; x_wconf 84' lang='lat' dir='ltr'>ctionem</span> <span class='ocrx_word' id='word_1_127' title='bbox 143 1228 213 1270; x_wconf 88' lang='lat' dir='ltr'>induci</span> <span class='ocrx_word' id='word_1_128' title='bbox 230 1227 256 1269; x_wconf 81' lang='lat' dir='ltr'>ab</span> <span class='ocrx_word' id='word_1_129' title='bbox 272 1227 328 1268; x_wconf 88' lang='lat' dir='ltr'>omni</span> <span class='ocrx_word' id='word_1_130' title='bbox 345 1225 442 1282; x_wconf 90' lang='lat' dir='ltr'>loquendi</span> <span class='ocrx_word' id='word_1_131' title='bbox 457 1241 495 1267; x_wconf 93' lang='lat' dir='ltr'>usu</span> <span class='ocrx_word' id='word_1_132' title='bbox 511 1225 651 1279; x_wconf 78' lang='lat' dir='ltr'>recedentem3</span> <span class='ocrx_word' id='word_1_133' title='bbox 667 1228 757 1282; x_wconf 89' lang='lat' dir='ltr'>Praepo-</span> 
     </span>
     <span class='ocr_line' id='line_1_17' title="bbox 42 1289 798 1361; baseline 0 -17"><span class='ocrx_word' id='word_1_134' title='bbox 42 1303 135 1344; x_wconf 89' lang='lat' dir='ltr'>sitionem</span> <span class='ocrx_word' id='word_1_135' title='bbox 148 1301 197 1361; x_wconf 79' lang='grc' dir='ltr'><strong><em>πρός</em></strong></span> <span class='ocrx_word' id='word_1_136' title='bbox 209 1289 242 1344; x_wconf 79' lang='lat' dir='ltr'>rel</span> <span class='ocrx_word' id='word_1_137' title='bbox 250 1300 302 1345; x_wconf 74' lang='lat' dir='ltr'>rard</span> <span class='ocrx_word' id='word_1_138' title='bbox 315 1301 400 1343; x_wconf 89' lang='lat' dir='ltr'>orationi</span> <span class='ocrx_word' id='word_1_139' title='bbox 411 1301 441 1342; x_wconf 83' lang='lat' dir='ltr'>bis</span> <span class='ocrx_word' id='word_1_140' title='bbox 450 1300 557 1357; x_wconf 80' lang='lat' dir='ltr'>cogitando</span> <span class='ocrx_word' id='word_1_141' title='bbox 565 1300 757 1345; x_wconf 76' lang='lat' dir='ltr'>arliioiendam&#39;esse.</span> <span class='ocrx_word' id='word_1_142' title='bbox 794 1343 798 1348; x_wconf 86' lang='grc'><em>,</em></span> 
     </span>
     <span class='ocr_line' id='line_1_18' title="bbox 43 1374 756 1430; baseline 0 -11"><span class='ocrx_word' id='word_1_143' title='bbox 43 1378 99 1430; x_wconf 83' lang='lat' dir='ltr'>Quae</span> <span class='ocrx_word' id='word_1_144' title='bbox 113 1392 161 1419; x_wconf 93' lang='lat' dir='ltr'>cum</span> <span class='ocrx_word' id='word_1_145' title='bbox 172 1378 213 1419; x_wconf 88' lang='lat' dir='ltr'>iam</span> <span class='ocrx_word' id='word_1_146' title='bbox 227 1377 326 1419; x_wconf 76' lang='lat' dir='ltr'>notaverit</span> <span class='ocrx_word' id='word_1_147' title='bbox 338 1390 439 1426; x_wconf 78' lang='lat' dir='ltr'>unimus,</span> <span class='ocrx_word' id='word_1_148' title='bbox 451 1374 568 1417; x_wconf 88' lang='lat' dir='ltr'>mirandum</span> <span class='ocrx_word' id='word_1_149' title='bbox 579 1384 670 1428; x_wconf 86' lang='lat' dir='ltr'>nonest,</span> <span class='ocrx_word' id='word_1_150' title='bbox 685 1392 756 1419; x_wconf 88' lang='lat' dir='ltr'>reccu-</span> 
     </span>
    </p>
   </div>
   <div class='ocr_carea' id='block_1_3' title="bbox 42 1450 757 1506">
    <p class='ocr_par' dir='ltr' id='par_1_3' title="bbox 42 1450 757 1506">
     <span class='ocr_line' id='line_1_19' title="bbox 42 1450 757 1506; baseline 0.003 -14"><span class='ocrx_word' id='word_1_151' title='bbox 42 1452 89 1493; x_wconf 82' lang='lat' dir='ltr'>tiori</span> <span class='ocrx_word' id='word_1_152' title='bbox 103 1452 201 1494; x_wconf 88' lang='lat' dir='ltr'>memoria</span> <span class='ocrx_word' id='word_1_153' title='bbox 217 1451 313 1493; x_wconf 88' lang='lat' dir='ltr'>exstitisse</span> <span class='ocrx_word' id='word_1_154' title='bbox 326 1452 368 1492; x_wconf 88' lang='lat' dir='ltr'>fere</span> <span class='ocrx_word' id='word_1_155' title='bbox 381 1451 497 1500; x_wconf 85' lang='lat' dir='ltr'>neminem,</span> <span class='ocrx_word' id='word_1_156' title='bbox 507 1450 543 1506; x_wconf 91' lang='lat' dir='ltr'>qui</span> <span class='ocrx_word' id='word_1_157' title='bbox 558 1451 577 1491; x_wconf 90' lang='lat' dir='ltr'>ei</span> <span class='ocrx_word' id='word_1_158' title='bbox 588 1452 757 1505; x_wconf 84' lang='lat' dir='ltr'>patrocinaretur.</span> 
     </span>
    </p>
   </div>
   <div class='ocr_carea' id='block_1_4' title="bbox 41 1525 810 2410">
    <p class='ocr_par' dir='ltr' id='par_1_4' title="bbox 41 1525 810 2410">
     <span class='ocr_line' id='line_1_20' title="bbox 41 1525 757 1576; baseline 0.001 -9"><span class='ocrx_word' id='word_1_159' title='bbox 41 1527 104 1567; x_wconf 73' lang='lat' dir='ltr'>Multo</span> <span class='ocrx_word' id='word_1_160' title='bbox 123 1527 195 1568; x_wconf 86' lang='lat' dir='ltr'>melior</span> <span class='ocrx_word' id='word_1_161' title='bbox 215 1534 283 1568; x_wconf 88' lang='lat' dir='ltr'>tamen</span> <span class='ocrx_word' id='word_1_162' title='bbox 304 1541 346 1567; x_wconf 91' lang='lat' dir='ltr'>non</span> <span class='ocrx_word' id='word_1_163' title='bbox 366 1533 395 1567; x_wconf 79' lang='lat' dir='ltr'>cst</span> <span class='ocrx_word' id='word_1_164' title='bbox 413 1525 512 1567; x_wconf 77' lang='lat' dir='ltr'>sententia</span> <span class='ocrx_word' id='word_1_165' title='bbox 530 1539 626 1576; x_wconf 77' lang='lat' dir='ltr'>arcanii,</span> <span class='ocrx_word' id='word_1_166' title='bbox 647 1542 659 1569; x_wconf 92' lang='lat' dir='ltr'>a</span> <span class='ocrx_word' id='word_1_167' title='bbox 678 1541 757 1568; x_wconf 74' lang='lat' dir='ltr'>enarro</span> 
     </span>
     <span class='ocr_line' id='line_1_21' title="bbox 44 1599 758 1657; baseline 0.003 -15"><span class='ocrx_word' id='word_1_168' title='bbox 44 1601 193 1652; x_wconf 89' lang='lat' dir='ltr'>commendata,</span> <span class='ocrx_word' id='word_1_169' title='bbox 210 1601 303 1643; x_wconf 79' lang='lat' dir='ltr'>membra</span> <span class='ocrx_word' id='word_1_170' title='bbox 319 1600 380 1642; x_wconf 91' lang='lat' dir='ltr'>huius</span> <span class='ocrx_word' id='word_1_171' title='bbox 396 1615 475 1651; x_wconf 78' lang='lat' dir='ltr'>versus,</span> <span class='ocrx_word' id='word_1_172' title='bbox 496 1599 615 1656; x_wconf 87' lang='lat' dir='ltr'>interposito</span> <span class='ocrx_word' id='word_1_173' title='bbox 627 1609 715 1657; x_wconf 89' lang='lat' dir='ltr'>puncto,</span> <span class='ocrx_word' id='word_1_174' title='bbox 730 1603 758 1644; x_wconf 82' lang='lat' dir='ltr'>ita</span> 
     </span>
     <span class='ocr_line' id='line_1_22' title="bbox 43 1674 758 1731; baseline 0.003 -15"><span class='ocrx_word' id='word_1_175' title='bbox 43 1675 152 1730; x_wconf 81' lang='lat' dir='ltr'>separanda</span> <span class='ocrx_word' id='word_1_176' title='bbox 167 1691 219 1727; x_wconf 89' lang='lat' dir='ltr'>esse,</span> <span class='ocrx_word' id='word_1_177' title='bbox 233 1684 255 1717; x_wconf 91' lang='lat' dir='ltr'>ut</span> <span class='ocrx_word' id='word_1_178' title='bbox 267 1677 324 1731; x_wconf 90' lang='lat' dir='ltr'>prius</span> <span class='ocrx_word' id='word_1_179' title='bbox 337 1690 386 1717; x_wconf 85' lang='lat' dir='ltr'>cunr</span> <span class='ocrx_word' id='word_1_180' title='bbox 397 1674 463 1717; x_wconf 71' lang='lat' dir='ltr'>verbis</span> <span class='ocrx_word' id='word_1_181' title='bbox 470 1674 651 1730; x_wconf 81' lang='lat' dir='ltr'>praecedentibus,</span> <span class='ocrx_word' id='word_1_182' title='bbox 659 1677 758 1731; x_wconf 88' lang='lat' dir='ltr'>posterius</span> 
     </span>
     <span class='ocr_line' id='line_1_23' title="bbox 44 1749 759 1805; baseline 0.003 -14"><span class='ocrx_word' id='word_1_183' title='bbox 44 1764 91 1791; x_wconf 89' lang='lat' dir='ltr'>cum</span> <span class='ocrx_word' id='word_1_184' title='bbox 106 1751 235 1805; x_wconf 83' lang='lat' dir='ltr'>sequentihus</span> <span class='ocrx_word' id='word_1_185' title='bbox 249 1758 387 1793; x_wconf 87' lang='lat' dir='ltr'>connectatur.</span> <span class='ocrx_word' id='word_1_186' title='bbox 409 1750 470 1803; x_wconf 81' lang='lat' dir='ltr'>Quod</span> <span class='ocrx_word' id='word_1_187' title='bbox 481 1750 553 1792; x_wconf 87' lang='lat' dir='ltr'>itidem</span> <span class='ocrx_word' id='word_1_188' title='bbox 566 1749 681 1793; x_wconf 84' lang='lat' dir='ltr'>Antithesin</span> <span class='ocrx_word' id='word_1_189' title='bbox 692 1751 759 1794; x_wconf 89' lang='lat' dir='ltr'>inter-</span> 
     </span>
     <span class='ocr_line' id='line_1_24' title="bbox 44 1825 759 1882; baseline 0.006 -18"><span class='ocrx_word' id='word_1_190' title='bbox 44 1825 123 1879; x_wconf 86' lang='lat' dir='ltr'>cipere,</span> <span class='ocrx_word' id='word_1_191' title='bbox 141 1832 185 1867; x_wconf 85' lang='lat' dir='ltr'>tum</span> <span class='ocrx_word' id='word_1_192' title='bbox 201 1827 275 1868; x_wconf 89' lang='lat' dir='ltr'>seriem</span> <span class='ocrx_word' id='word_1_193' title='bbox 288 1826 382 1868; x_wconf 88' lang='lat' dir='ltr'>orationis</span> <span class='ocrx_word' id='word_1_194' title='bbox 396 1826 479 1868; x_wconf 83' lang='lat' dir='ltr'>turbare</span> <span class='ocrx_word' id='word_1_195' title='bbox 492 1826 576 1882; x_wconf 84' lang='lat' dir='ltr'>eiusque</span> <span class='ocrx_word' id='word_1_196' title='bbox 588 1825 630 1866; x_wconf 81' lang='lat' dir='ltr'>rim</span> <span class='ocrx_word' id='word_1_197' title='bbox 643 1826 701 1869; x_wconf 82' lang='lat' dir='ltr'>valde</span> <span class='ocrx_word' id='word_1_198' title='bbox 715 1828 759 1868; x_wconf 90' lang='lat' dir='ltr'>mi-</span> 
     </span>
     <span class='ocr_line' id='line_1_25' title="bbox 43 1892 758 1957; baseline 0.006 -17"><span class='ocrx_word' id='word_1_199' title='bbox 43 1892 116 1950; x_wconf 87' lang='lat' dir='ltr'>nuere,</span> <span class='ocrx_word' id='word_1_200' title='bbox 134 1899 184 1943; x_wconf 82' lang='lat' dir='ltr'>haec</span> <span class='ocrx_word' id='word_1_201' title='bbox 198 1901 241 1957; x_wconf 87' lang='lat' dir='ltr'>ipsa</span> <span class='ocrx_word' id='word_1_202' title='bbox 254 1902 295 1944; x_wconf 88' lang='lat' dir='ltr'>iam</span> <span class='ocrx_word' id='word_1_203' title='bbox 315 1901 382 1957; x_wconf 84' lang='lat' dir='ltr'>prodit</span> <span class='ocrx_word' id='word_1_204' title='bbox 399 1901 549 1956; x_wconf 86' lang='lat' dir='ltr'>interpretatio:</span> <span class='ocrx_word' id='word_1_205' title='bbox 570 1899 623 1943; x_wconf 80' lang='lat' dir='ltr'>Meo</span> <span class='ocrx_word' id='word_1_206' title='bbox 640 1904 696 1944; x_wconf 71' lang='lat' dir='ltr'>enr&#39;m</span> <span class='ocrx_word' id='word_1_207' title='bbox 712 1906 758 1945; x_wconf 75' lang='lat' dir='ltr'>orto</span> 
     </span>
     <span class='ocr_line' id='line_1_26' title="bbox 44 1976 810 2034; baseline 0.007 -19"><span class='ocrx_word' id='word_1_208' title='bbox 44 1989 141 2016; x_wconf 79' lang='lat' dir='ltr'>cmusrus</span> <span class='ocrx_word' id='word_1_209' title='bbox 154 1982 192 2017; x_wconf 82' lang='lat' dir='ltr'>est.</span> <span class='ocrx_word' id='word_1_210' title='bbox 224 1977 303 2018; x_wconf 77' lang='lat' dir='ltr'>Etiam</span> <span class='ocrx_word' id='word_1_211' title='bbox 317 1991 375 2018; x_wconf 80' lang='lat' dir='ltr'>mors</span> <span class='ocrx_word' id='word_1_212' title='bbox 392 1976 447 2018; x_wconf 75' lang='lat' dir='ltr'>milii</span> <span class='ocrx_word' id='word_1_213' title='bbox 460 1977 598 2018; x_wconf 79' lang='lat' dir='ltr'>ernolumento</span> <span class='ocrx_word' id='word_1_214' title='bbox 613 1983 652 2019; x_wconf 68' lang='lat' dir='ltr'>esa</span> <span class='ocrx_word' id='word_1_215' title='bbox 683 1978 758 2034; x_wconf 85' lang='lat' dir='ltr'>Utique</span> <span class='ocrx_word' id='word_1_216' title='bbox 809 1985 810 1988; x_wconf 75' lang='grc'>’</span> 
     </span>
     <span class='ocr_line' id='line_1_27' title="bbox 43 2048 758 2095; baseline 0.008 -6"><span class='ocrx_word' id='word_1_217' title='bbox 43 2048 92 2091; x_wconf 88' lang='lat' dir='ltr'>huie</span> <span class='ocrx_word' id='word_1_218' title='bbox 112 2050 158 2092; x_wconf 83' lang='lat' dir='ltr'>loco</span> <span class='ocrx_word' id='word_1_219' title='bbox 179 2051 232 2093; x_wconf 81' lang='lat' dir='ltr'>male</span> <span class='ocrx_word' id='word_1_220' title='bbox 245 2052 362 2094; x_wconf 75' lang='lat' dir='ltr'>consultum</span> <span class='ocrx_word' id='word_1_221' title='bbox 375 2051 413 2092; x_wconf 86' lang='lat' dir='ltr'>erit</span> <span class='ocrx_word' id='word_1_222' title='bbox 427 2051 483 2092; x_wconf 93' lang='lat' dir='ltr'>omni</span> <span class='ocrx_word' id='word_1_223' title='bbox 497 2052 609 2094; x_wconf 86' lang='lat' dir='ltr'>mutatione</span> <span class='ocrx_word' id='word_1_224' title='bbox 625 2053 699 2095; x_wconf 86' lang='lat' dir='ltr'>ordinis</span> <span class='ocrx_word' id='word_1_225' title='bbox 711 2053 758 2095; x_wconf 82' lang='lat' dir='ltr'>rul-</span> 
     </span>
     <span class='ocr_line' id='line_1_28' title="bbox 44 2125 758 2185; baseline 0.008 -20"><span class='ocrx_word' id='word_1_226' title='bbox 44 2125 102 2181; x_wconf 86' lang='lat' dir='ltr'>garis.</span> <span class='ocrx_word' id='word_1_227' title='bbox 132 2126 192 2168; x_wconf 85' lang='lat' dir='ltr'>Hrmc</span> <span class='ocrx_word' id='word_1_228' title='bbox 210 2140 257 2168; x_wconf 82' lang='lat' dir='ltr'>rero</span> <span class='ocrx_word' id='word_1_229' title='bbox 272 2127 289 2168; x_wconf 89' lang='lat' dir='ltr'>si</span> <span class='ocrx_word' id='word_1_230' title='bbox 303 2126 431 2176; x_wconf 83' lang='lat' dir='ltr'>retinemus,</span> <span class='ocrx_word' id='word_1_231' title='bbox 441 2125 481 2167; x_wconf 92' lang='lat' dir='ltr'>duo</span> <span class='ocrx_word' id='word_1_232' title='bbox 498 2126 535 2167; x_wconf 82' lang='lat' dir='ltr'>sibi</span> <span class='ocrx_word' id='word_1_233' title='bbox 549 2127 638 2170; x_wconf 84' lang='lat' dir='ltr'>invicem</span> <span class='ocrx_word' id='word_1_234' title='bbox 652 2143 758 2185; x_wconf 92' lang='lat' dir='ltr'>opponun-</span> 
     </span>
     <span class='ocr_line' id='line_1_29' title="bbox 43 2200 757 2254; baseline 0.008 -15"><span class='ocrx_word' id='word_1_235' title='bbox 43 2206 83 2241; x_wconf 88' lang='lat' dir='ltr'>tur.</span> <span class='ocrx_word' id='word_1_236' title='bbox 112 2200 206 2243; x_wconf 85' lang='lat' dir='ltr'>Alterum</span> <span class='ocrx_word' id='word_1_237' title='bbox 226 2209 266 2253; x_wconf 92' lang='lat' dir='ltr'>est,</span> <span class='ocrx_word' id='word_1_238' title='bbox 282 2202 312 2244; x_wconf 93' lang='lat' dir='ltr'>uti</span> <span class='ocrx_word' id='word_1_239' title='bbox 328 2201 394 2244; x_wconf 89' lang='lat' dir='ltr'>deleto</span> <span class='ocrx_word' id='word_1_240' title='bbox 410 2207 509 2243; x_wconf 86' lang='lat' dir='ltr'>commate</span> <span class='ocrx_word' id='word_1_241' title='bbox 524 2202 655 2245; x_wconf 86' lang='lat' dir='ltr'>scribendmn</span> <span class='ocrx_word' id='word_1_242' title='bbox 668 2204 757 2254; x_wconf 75' lang='lat' dir='ltr'>videtur,</span> 
     </span>
     <span class='ocr_line' id='line_1_30' title="bbox 44 2273 758 2337; baseline 0.008 -23"><span class='ocrx_word' id='word_1_243' title='bbox 44 2274 88 2327; x_wconf 75' lang='grc' dir='ltr'><em>ἐμοὶ</em></span> <span class='ocrx_word' id='word_1_244' title='bbox 101 2273 138 2330; x_wconf 69' lang='lat' dir='ltr'>yde</span> <span class='ocrx_word' id='word_1_245' title='bbox 153 2275 177 2319; x_wconf 78' lang='lat' dir='ltr'>mi</span> <span class='ocrx_word' id='word_1_246' title='bbox 190 2278 203 2327; x_wconf 84' lang='grc' dir='ltr'><strong><em>ζ</em></strong></span> <span class='ocrx_word' id='word_1_247' title='bbox 202 2279 229 2337; x_wconf 65' lang='grc' dir='ltr'>ᾖν</span> <span class='ocrx_word' id='word_1_248' title='bbox 241 2275 337 2334; x_wconf 78' lang='grc' dir='ltr'><strong><em>Χριστός,</em></strong></span> <span class='ocrx_word' id='word_1_249' title='bbox 364 2277 425 2331; x_wconf 83' lang='lat' dir='ltr'>Quod</span> <span class='ocrx_word' id='word_1_250' title='bbox 436 2276 544 2332; x_wconf 85' lang='lat' dir='ltr'>perspicua</span> <span class='ocrx_word' id='word_1_251' title='bbox 554 2277 653 2321; x_wconf 76' lang='lat' dir='ltr'>breuitate</span> <span class='ocrx_word' id='word_1_252' title='bbox 666 2293 758 2321; x_wconf 77' lang='lat' dir='ltr'>cunrso-</span> 
     </span>
     <span class='ocr_line' id='line_1_31' title="bbox 45 2341 759 2410; baseline 0.014 -24"><span class='ocrx_word' id='word_1_253' title='bbox 45 2361 122 2390; x_wconf 81' lang='lat' dir='ltr'>srouus</span> <span class='ocrx_word' id='word_1_254' title='bbox 136 2352 228 2406; x_wconf 81' lang='lat' dir='ltr'>exponit:</span> <span class='ocrx_word' id='word_1_255' title='bbox 244 2354 261 2395; x_wconf 72' lang='lat' dir='ltr'>ri</span> <span class='ocrx_word' id='word_1_256' title='bbox 278 2351 344 2409; x_wconf 68' lang='grc' dir='ltr'><em>βούλει</em></span> <span class='ocrx_word' id='word_1_257' title='bbox 359 2341 395 2409; x_wconf 64' lang='lat' dir='ltr'>ip&#39;v</span> <span class='ocrx_word' id='word_1_258' title='bbox 409 2351 464 2408; x_wconf 71' lang='grc' dir='ltr'>ζωήν</span> <span class='ocrx_word' id='word_1_259' title='bbox 477 2349 567 2402; x_wconf 74' lang='grc' dir='ltr'>ἐξετάσαι</span> <span class='ocrx_word' id='word_1_260' title='bbox 581 2353 617 2410; x_wconf 71' lang='grc' dir='ltr'>τήν</span> <span class='ocrx_word' id='word_1_261' title='bbox 632 2353 693 2410; x_wconf 70' lang='grc' dir='ltr'><strong><em>ἐμήν,</em></strong></span> <span class='ocrx_word' id='word_1_262' title='bbox 709 2355 759 2396; x_wconf 76' lang='grc' dir='ltr'><em>ἐκεῖ·</em></span> 
     </span>
    </p>
   </div>
   <div class='ocr_carea' id='block_1_5' title="bbox 42 2458 197 2470">
    <p class='ocr_par' dir='ltr' id='par_1_5' title="bbox 42 2458 197 2470">
     <span class='ocr_line' id='line_1_32' title="bbox 42 2458 197 2470; baseline 0 0"><span class='ocrx_word' id='word_1_263' title='bbox 42 2458 197 2470; x_wconf 52' lang='lat'>··-——-—</span> 
     </span>
    </p>
   </div>
   <div class='ocr_carea' id='block_1_6' title="bbox 45 2535 759 2709">
    <p class='ocr_par' dir='ltr' id='par_1_6' title="bbox 45 2535 759 2709">
     <span class='ocr_line' id='line_1_33' title="bbox 68 2535 489 2588; baseline 0.017 -21"><span class='ocrx_word' id='word_1_264' title='bbox 68 2535 91 2580; x_wconf 76' lang='lat'>(1)</span> <span class='ocrx_word' id='word_1_265' title='bbox 102 2537 137 2568; x_wconf 73' lang='lat' dir='ltr'>VAN</span> <span class='ocrx_word' id='word_1_266' title='bbox 149 2546 221 2584; x_wconf 63' lang='lat' dir='ltr'>thorun,</span> <span class='ocrx_word' id='word_1_267' title='bbox 234 2543 253 2574; x_wconf 79' lang='lat' dir='ltr'>do</span> <span class='ocrx_word' id='word_1_268' title='bbox 265 2544 312 2588; x_wconf 69' lang='lat' dir='ltr'>apt.</span> <span class='ocrx_word' id='word_1_269' title='bbox 323 2548 364 2576; x_wconf 72' lang='lat' dir='ltr'>vert.</span> <span class='ocrx_word' id='word_1_270' title='bbox 379 2549 409 2575; x_wconf 77' lang='lat' dir='ltr'>eet.</span> <span class='ocrx_word' id='word_1_271' title='bbox 421 2542 439 2574; x_wconf 87' lang='lat' dir='ltr'>ad</span> <span class='ocrx_word' id='word_1_272' title='bbox 450 2542 467 2575; x_wconf 84' lang='lat' dir='ltr'>h.</span> <span class='ocrx_word' id='word_1_273' title='bbox 478 2542 489 2572; x_wconf 82' lang='lat' dir='ltr'>i.</span> 
     </span>
     <span class='ocr_line' id='line_1_34' title="bbox 67 2597 759 2649; baseline 0.016 -22"><span class='ocrx_word' id='word_1_274' title='bbox 67 2597 93 2643; x_wconf 74' lang='lat'>(2)</span> <span class='ocrx_word' id='word_1_275' title='bbox 106 2601 165 2642; x_wconf 80' lang='lat' dir='ltr'>Opuso.</span> <span class='ocrx_word' id='word_1_276' title='bbox 182 2602 211 2635; x_wconf 87' lang='lat' dir='ltr'>Ed.</span> <span class='ocrx_word' id='word_1_277' title='bbox 227 2613 290 2638; x_wconf 76' lang='lat' dir='ltr'>iorzro.</span> <span class='ocrx_word' id='word_1_278' title='bbox 307 2617 323 2649; x_wconf 92' lang='lat' dir='ltr'>p.</span> <span class='ocrx_word' id='word_1_279' title='bbox 341 2607 385 2649; x_wconf 76' lang='lat'>412,</span> <span class='ocrx_word' id='word_1_280' title='bbox 401 2604 565 2638; x_wconf 77' lang='lat' dir='ltr'>uhiiorzrnscuma</span> <span class='ocrx_word' id='word_1_281' title='bbox 578 2603 656 2649; x_wconf 81' lang='lat' dir='ltr'>disputat,</span> <span class='ocrx_word' id='word_1_282' title='bbox 669 2612 759 2639; x_wconf 79' lang='lat' dir='ltr'>nectamur</span> 
     </span>
     <span class='ocr_line' id='line_1_35' title="bbox 45 2662 316 2709; baseline 0.033 -19"><span class='ocrx_word' id='word_1_283' title='bbox 45 2662 74 2703; x_wconf 74' lang='lat' dir='ltr'>tta,</span> <span class='ocrx_word' id='word_1_284' title='bbox 88 2667 106 2693; x_wconf 83' lang='lat' dir='ltr'>ut</span> <span class='ocrx_word' id='word_1_285' title='bbox 118 2672 173 2704; x_wconf 79' lang='lat' dir='ltr'>operae</span> <span class='ocrx_word' id='word_1_286' title='bbox 184 2664 232 2696; x_wconf 82' lang='lat' dir='ltr'>saciat</span> <span class='ocrx_word' id='word_1_287' title='bbox 243 2669 316 2709; x_wconf 85' lang='lat' dir='ltr'>pretium.</span> 
     </span>
    </p>
   </div>
   <div class='ocr_carea' id='block_1_7' title="bbox 0 0 830 2790">
    <p class='ocr_par' dir='ltr' id='par_1_7' title="bbox 0 0 830 2790">
     <span class='ocr_line' id='line_1_36' title="bbox 0 0 830 2790; baseline 0 0"><span class='ocrx_word' id='word_1_288' title='bbox 0 0 830 2790; x_wconf 95' lang='lat' dir='ltr'> </span> 
     </span>
    </p>
   </div>
  </div>
 </body>
</html>
