1650 2790
81 62 122 102 246
323 73 367 100 oar.
380 59 416 99 lll.
432 72 489 100 vans.
509 61 543 99 14.

82 191 102 224 ut
118 181 229 225 seemrdum
242 182 373 225 Parallelismi
387 183 441 241 leges
455 184 481 226 ad
493 182 626 238 Partieipium
639 180 791 238 ἐπεκτεινόμενος

80 257 151 299 referri
163 265 279 315 nequeunt,
295 258 323 300 ita
334 257 428 301 licentius
444 266 552 301 sumuntur
561 273 598 314 pro
611 260 637 307 εἰς
651 256 730 302 σκοπόν.
749 261 791 302 Nee

80 348 126 375 vero
141 333 201 374 verba
214 332 264 376 κατα
278 335 350 377 σκοπόν
364 333 441 386 διώκω,
464 342 487 376 ut
501 335 556 390 apud
569 335 651 383 Poe'tas,
673 348 709 388 per
724 335 791 377 Traie-

80 409 169 450 etionem
182 409 245 464 posita
258 418 305 452 sunt
318 426 354 466 pro
363 407 478 454 aazadraiao
493 409 571 454 σκοπόν.
585 409 625 451 Sed
636 409 745 452 coniuncta
757 410 791 451 illa

79 492 160 540 propter
169 484 268 541 loquendi
275 500 335 527 usum
348 486 443 541 explicari
451 485 525 528 debent
530 500 650 543 persequor
657 485 689 527 ad
696 500 789 543 scopum,

79 560 110 600 rel
118 560 185 616 potius
193 561 225 603 ad
235 567 322 612 ozetam‚
338 561 360 604 ld
375 570 414 603 est:
432 563 501 603 oeulis
516 568 595 604 αναοία
606 577 714 619 raranqnam
729 575 791 603 ανον-

78 636 123 686 sis,
139 651 174 677 seu
188 636 301 679 doetrinae
309 635 416 679 dz'oa'm'tas
426 638 525 680 traditae
536 652 646 695 azarnquam
658 640 775 679 immemor.

107 711 244 761 Perteotione,
266 726 328 767 quarn
347 720 446 764 sectatur,
467 721 579 755 memorata
597 728 674 754 Pilutus
689 727 745 754 nune
760 712 792 754 la-

78 785 132 826 boris
153 787 185 827 sui
204 794 301 843 tanquam
321 787 384 829 finem
398 788 505 844 proponit,
526 788 557 829 aa
570 790 708 845 praeatum,
726 787 790 838 aiens,

77 862 175 903 eoelestis
196 865 315 904 oocattouz's
328 863 371 905 Dea'
386 866 409 905 a'a
423 878 512 906 ennrsro
525 879 576 905 iesu.
607 861 730 919 Praepositio
745 863 790 913 ἐπί,

77 944 100 977 ut
115 936 198 979 ittaaa.
214 939 254 979 III:
272 941 292 981 7.
308 938 359 980 Eae.
374 940 423 983 VII:
442 941 469 980 44
484 939 568 994 aliisque
583 938 605 979 in
619 939 668 980 loeis
677 938 790 979 aoosz‘a'am

77 1011 169 1061 denotat,
186 1026 234 1053 eum
246 1027 336 1054 sroanro
346 1013 374 1054 sie
388 1014 538 1069 explicandum:
551 1014 678 1055 ooatoadeas
688 1013 790 1071 adprae-

75 1087 153 1128 aa'am:
168 1101 231 1143 quare
245 1087 393 1143 perspicuitatis
409 1103 469 1131 eausa
484 1090 503 1130 ei
514 1088 597 1130 Comma
612 1088 726 1143 praeposui.
757 1087 790 1129 Si-

74 1160 150 1202 militer
165 1161 219 1216 apud
235 1176 376 1204 arumnorum
391 1160 421 1220 (1)
435 1162 533 1219 legimus:
546 1160 636 1212 διαΐξασα
650 1158 749 1211 συντόνως
757 1163 790 1204 ἐπὶ

77 1236 183 1292 Ταίναρον,
188 1243 307 1293 Ῑνονοαοαΐα
315 1252 361 1278 eam
369 1241 460 1291 aar-ater,
469 1234 609 1296 (contendens)
618 1237 650 1278 ad
657 1235 789 1287 Taenarum,

75 1325 128 1366 quae
144 1311 205 1353 verba
220 1312 297 1363 attulit,
310 1312 345 1353 sed
360 1313 427 1355 minus
442 1312 542 1355 intellexit
556 1326 654 1353 Kronios.
676 1312 790 1355 Particulae

75 1387 116 1427 rim
133 1401 215 1443 quoque
230 1402 272 1428 non
288 1386 373 1429 assecuti
389 1394 446 1437 sunt,
462 1387 498 1443 qui
511 1386 572 1428 lurius
585 1387 685 1442 Epistulae
699 1388 790 1443 exempla

74 1462 214 1519 propagabant
229 1461 327 1504 haetenus
342 1462 422 1513 uitiosa,
439 1469 513 1517 utpro
529 1477 552 1504 ea
565 1461 664 1503 haberent
673 1464 705 1512 εἰς.
733 1463 789 1507 Voee

74 1541 166 1598 βραβεῖον
179 1537 286 1587 nonnulli,
303 1552 353 1593 quos
368 1537 421 1578 bene
436 1536 685 1587 1=eturanrasr1os‚idem
699 1537 790 1579 denotari

75 1620 173 1667 putarunt
194 1627 218 1654 ac
233 1613 332 1667 superiori
347 1611 429 1655 oaoao'o:
451 1611 486 1652 sed
502 1626 525 1653 ea
542 1612 664 1653 beatitatem
681 1612 790 1668 significari

74 1689 133 1729 aulae
146 1687 255 1738 raelaia,
271 1688 325 1729 inter
343 1702 412 1729 ornnes
423 1687 486 1728 bonos
499 1695 577 1729 constat
589 1688 716 1742 Interpretes,
747 1688 790 1729 Neo

76 1762 134 1804 l'aeile
156 1762 200 1817 quis
222 1762 333 1813 dubitabit,
356 1776 382 1803 an
402 1762 507 1817 sequentia
525 1765 561 1817 τῆς
581 1758 622 1804 ἄνα
637 1758 725 1818 κλήσεως
739 1764 790 1805 Θεοῦ

76 1838 150 1894 scripta
158 1837 198 1879 sint
205 1852 242 1893 pro
250 1840 285 1893 τῆς
298 1835 385 1894 κλήσεως
398 1839 451 1880 Θεοῦ
458 1872 463 1889 ,
477 1840 512 1893 τῆς
526 1833 567 1880 dvo
582 1833 650 1892 οὔσης,
664 1844 687 1877 ut
695 1837 790 1892 explicari

76 1913 173 1954 debeant:
186 1915 246 1954 οαίαο
254 1912 411 1969 adipiscendae
423 1911 554 1954 carisomus
563 1911 589 1953 de
596 1913 652 1954 coelo
661 1927 693 1953 me
701 1915 789 1954 oooaoz't.

76 1988 135 2030 Haud
146 1988 241 2029 dissimile
252 1995 281 2029 est
293 1987 348 2044 quod
359 1988 446 2045 legimus
455 1987 522 2029 Hebr.
531 1987 571 2029 III:
583 1990 602 2029 1.
618 1988 652 2029 Sic
660 1995 728 2029 autem
734 1989 790 2043 Apo-

77 2063 145 2112 stolus,
159 2062 253 2120 imaginis
263 2063 377 2119 propositae
392 2063 446 2105 haud
461 2064 579 2114 immemor,
593 2063 719 2105 vocationem
733 2079 789 2105 suani

78 2139 167 2181 distinxit
180 2138 205 2180 ab
220 2153 250 2188 ea,
264 2153 303 2195 qua
319 2153 410 2181 cursores
427 2138 449 2179 in
462 2132 536 2189 stadio,
553 2146 652 2180 utmonet
662 2153 764 2189 onorius,
779 2155 790 2180 a

78 2214 193 2257 certaminis
205 2214 283 2256 arbitris
295 2214 354 2256 citari
366 2214 463 2256 solebant.
476 2214 505 2256 Cf.
516 2229 616 2257 ansuinus
624 2214 650 2255 ad
655 2213 695 2255 lr.l.
712 2213 742 2255 De
751 2230 789 2270 po—

78 2290 156 2331 stremis
169 2303 252 2345 quoque
259 2292 281 2333 ἔν
289 2292 372 2348 Χριστῷ
380 2289 447 2345 Ἰησοῦ
456 2304 498 2331 non
505 2297 553 2340 erat,
563 2288 618 2346 quod
624 2289 713 2330 multum
721 2290 789 2347 dispu-

78 2373 160 2407 taretur,
174 2364 273 2407 Nonnulli
286 2381 308 2407 ea
321 2364 422 2421 explicant
430 2379 475 2422 per
490 2379 596 2406 onnrsrurr
610 2379 678 2415 rusum,
692 2379 741 2420 quos
749 2366 788 2407 iam

77 2558 123 2598 aar,
136 2557 158 2588 od
169 2566 187 2587 oo
200 2567 235 2587 uero
241 2580 246 2595 ,
260 2566 301 2597 quaa
314 2554 368 2585 rrdtrao
379 2556 481 2596 pn'rastoada
494 2559 543 2594 strat,
557 2555 653 2599 fulminans,
666 2564 754 2596 peraequat
767 2553 789 2582 a·

39 2649 41 2651 ,
78 2617 116 2658 (αα,
129 2618 161 2648 nil.
170 2617 288 2660 lroafocttaaam
302 2627 351 2658 vsarpam
364 2618 452 2649 lrardatam.

101 2678 125 2721 ll}
141 2680 170 2712 llll,
181 2681 244 2710 Parata
258 2690 272 2720 p,
285 2678 318 2708 823
331 2678 348 2709 C,
361 2686 395 2708 xro.
