1650 2790
347 85 391 113 (ian
405 71 438 113 lv.
454 85 509 112 vens.
524 74 547 112 2,

404 241 459 269 rmus.
475 231 495 269 2.

97 369 98 372 =
122 347 181 387 Nunc
200 359 276 386 rannus
296 345 321 386 ab
337 345 435 386 universis
456 344 481 385 ad
501 343 579 400 singula
597 343 711 400 transgredi
723 345 802 387 iidetur

37 414 39 417 ⁵
60 437 63 442 ’
94 420 206 462 monendo:
230 419 317 463 Εὐοδίαν
332 421 452 476 παρακαλοῦ,
472 420 505 461 καὶ
521 416 625 475 Συντύχην
642 417 762 476 παρακαλῶ,
779 419 802 463 το

94 496 144 539 oded
166 500 244 552 oposeta
259 496 280 537 ἓν
294 494 371 552 Καρίῳ,
405 494 460 535 Haec
479 493 543 550 igitur
560 494 708 536 cnrnsnacnuis
731 493 802 536 maiori

94 570 223 611 distinctione
241 584 253 610 a
270 567 406 624 superioribus
427 568 519 610 seiunxit.
550 569 618 623 Atque
636 569 664 609 ita
681 574 802 619 urcuiiems,

94 658 204 695 srounrus,
222 659 385 695 numunianum,
401 658 550 694 consonemus,
565 643 625 685 multi
635 643 675 696 alii,
695 658 742 686 eum
753 644 804 685 Edi-

94 718 213 759 tores Nori
227 719 358 768 Testamenti,
375 726 419 760 turn
436 719 565 774 lnterpretes.
596 719 620 759 Et
636 718 700 760 obiter
714 718 804 773 inspecta

96 793 185 836 oratione
207 793 292 835 eandem
312 794 335 835 in
350 801 429 849 partem
442 794 534 836 eundum
550 793 629 836 dixeris.
660 793 770 836 Sed'recte
784 809 804 835 se

96 883 231 910 mrrninsrus
245 867 295 910 huic
308 868 431 910 distinctioni
446 869 544 924 opposuit.
560 869 611 910 Nam
623 867 704 910 uersum
716 868 803 910 alterum

97 959 144 986 cum
163 944 229 999 primo
250 944 345 984 attentius
366 933 516 998 comparantes,
538 943 559 984 in
575 959 635 985 naum
651 951 719 985 mente
732 943 804 985 seriem

96 1019 156 1060 luisse
170 1015 339 1072 deprehendimus
353 1017 513 1074 cogitationum,
530 1032 570 1072 qna
585 1019 611 1060 ala
628 1018 764 1060 admonitione
779 1018 806 1059 fi-

97 1093 129 1134 dei
150 1106 238 1134 cnnrsuo
259 1091 367 1133 seruandae
385 1098 404 1132 et
424 1090 507 1146 pulrlioe
524 1091 655 1145 praestandae
676 1092 702 1133 ad
722 1100 806 1135 mutuae

96 1167 226 1217 concordiae,
248 1180 300 1222 quae
315 1164 377 1206 fidem
390 1164 521 1221 conspicuam
533 1166 620 1216 faceret,
636 1165 732 1207 uirtutem
746 1182 805 1209 com-

96 1242 232 1284 mendandam
247 1240 362 1283 duceretur.

125 1318 257 1375 Singulorum
276 1316 418 1374 aggrediamur
432 1316 626 1371 interpretationem.
657 1317 741 1359 cuono
758 1332 805 1359 oum

95 1393 235 1449 imprudenter
252 1392 371 1434 excidissent
385 1393 458 1434 verba:
475 1394 603 1450 ννέονοοχής,
617 1400 640 1434 ut
651 1390 754 1450 Εὐνοχής,
773 1394 805 1435 vi-

96 1469 134 1510 rile
149 1477 177 1510 est
194 1472 297 1529 nomen;'⁷
316 1482 374 1518 ecce,
390 1482 518 1510 narruonuns
533 1466 572 1509 hoc
588 1469 683 1523 arripuit,
697 1476 720 1510 ut
733 1469 806 1510 Nomi-

95 1543 157 1585 iratiui
170 1540 265 1598 Σαναοχή
277 1543 338 1598 plane
350 1542 469 1593 immemor,
483 1543 561 1584 Graeca
574 1543 603 1584 sie
619 1542 738 1597 explicaret:
754 1559 805 1586 nuo-

95 1633 147 1660 man
162 1620 298 1676 praesertim
317 1623 338 1658 et
357 1631 480 1659 srurrcnnu·
496 1631 543 1670 oro,
564 1623 589 1658 at
604 1611 806 1661 αοααοναθοοίνααί

95 1699 116 1735 et
129 1695 199 1750 parieti
211 1698 250 1734 cet.
280 1691 389 1733 Cinnamus
402 1691 452 1733 adeo
465 1691 570 1734 dissidium
583 1691 644 1733 fuisse
656 1693 742 1736 coniecit
752 1694 805 1736 inter

95 1769 202 1824 coniuges,
219 1774 239 1808 et
253 1781 376 1808 srurrcnnn
395 1765 484 1808 eunden]
498 1765 615 1809 habendum
630 1782 683 1818 esse,
701 1768 736 1829 qni
749 1784 776 1811 vs.
791 1772 803 1811 3

95 1842 178 1899 σοζογος
193 1841 272 1899 γνήσιος
285 1841 404 1897 appelletur.
435 1842 469 1884 Sic
487 1857 529 1883 uno
545 1843 615 1899 magni
627 1843 671 1887 Viri
686 1859 754 1885 errore
769 1843 804 1895 fit,

95 1928 119 1961 ut
132 1919 166 1961 alii
179 1919 257 1961 deserta
269 1918 301 1959 sia
313 1917 399 1972 turpiter
411 1918 512 1971 labantur,
541 1918 595 1960 Duas
611 1919 665 1960 enim
679 1918 713 1961 lrlc
727 1934 805 1961 memo-

95 1995 135 2037 rari
153 1994 260 2042 mulieres,
276 1992 332 2035 nulla
348 1991 518 2056 demonstratione
536 1993 625 2051 indiget,
640 1995 701 2037 modo
713 1995 804 2052 legamus

96 2070 210 2125 sequentia:
226 2064 366 2122 ονλλαμβιὶνοο
379 2067 458 2117 αὐτοῖς,
471 2072 539 2118 αἵτινες
552 2070 573 2110 ἒν
584 2072 614 2128 τῷ
627 2068 729 2129 εὐαγγελίῳ
743 2068 804 2127 συνή-

94 2141 236 2200 θλροαναοι,
255 2155 307 2197 quae
322 2155 450 2183 nanaioauus
463 2141 587 2198 ineptissime
601 2143 743 2198 interpretatus
763 2139 804 2187 est:

94 2225 118 2261 ut
134 2232 197 2260 cures
212 2221 233 2257 et
245 2217 339 2257 subleves
355 2217 467 2267 ornatiores,
479 2233 534 2274 qzeae
542 2217 666 2277 Errongela'a'
674 2234 741 2261 causa
749 2221 805 2262 ναοῖο

96 2295 181 2337 deditae
202 2296 258 2332 satiat.
288 2292 313 2332 Et
334 2290 430 2331 mulieres
446 2291 507 2333 fnisse
524 2292 618 2334 uidentur
630 2293 684 2333 inter
698 2301 804 2336 sectatores

96 2383 178 2413 cnnrsrr
193 2367 347 2425 Philippenses
362 2366 427 2408 clarae
441 2373 461 2408 et
473 2374 584 2423 spectatae,
607 2369 668 2419 forte,
683 2377 707 2411 ut
721 2371 804 2414 Veteres

95 2447 136 2487 iam
157 2443 233 2501 opinati
255 2450 312 2494 sunt,
337 2442 487 2485 Bz'oeonissae.
521 2443 565 2484 Iam
584 2458 670 2495 raucus,
694 2459 741 2487 cunr
760 2444 804 2486 illas

96 2520 176 2562 iuberet
188 2518 211 2561 ut
226 2516 275 2561 oded
289 2521 379 2576 φρονεῖν,
392 2517 444 2559 nihil
457 2517 512 2560 aliud
520 2500 599 2569 ςνολοὶῐ,
615 2534 676 2575 quam
689 2528 712 2561 ut
725 2519 804 2571 eodem,

96 2593 204 2654 quidquid
215 2598 331 2650 ageretur,
348 2591 477 2634 duarenus·
495 2593 573 2635 studio.
604 2593 664 2647 Quod
678 2609 701 2636 ex
716 2593 805 2649 disputa-

97 2672 121 2713 tis
136 2669 161 2713 ad
174 2671 220 2726 [lap.
233 2670 262 2712 ll:
277 2673 290 2711 2
305 2677 346 2710 tarn
361 2668 475 2713 luculenter
487 2677 579 2726 apparet,
596 2678 619 2713 ut
633 2686 805 2728 superuacaneum
