<?xml version="1.0" encoding="UTF-8"?>
<!DOCTYPE html PUBLIC "-//W3C//DTD XHTML 1.0 Transitional//EN"
    "http://www.w3.org/TR/xhtml1/DTD/xhtml1-transitional.dtd">
<html xmlns="http://www.w3.org/1999/xhtml" xml:lang="en" lang="en">
 <head>
  <title>
</title>
<meta http-equiv="Content-Type" content="text/html;charset=utf-8" />
  <meta name='ocr-system' content='tesseract 3.04.00' />
  <meta name='ocr-capabilities' content='ocr_page ocr_carea ocr_par ocr_line ocrx_word'/>
</head>
<body>
  <div class='ocr_page' id='page_1' title='image "./MN41518ucmf_1_0137.png"; bbox 0 0 1650 2790; ppageno 0'>
   <div class='ocr_carea' id='block_1_1' title="bbox 266 42 755 92">
    <p class='ocr_par' dir='ltr' id='par_1_1' title="bbox 266 42 755 92">
     <span class='ocr_line' id='line_1_1' title="bbox 266 42 755 92; baseline 0.006 -10"><span class='ocrx_word' id='word_1_1' title='bbox 266 56 309 83; x_wconf 75' lang='lat' dir='ltr'>ear,</span> <span class='ocrx_word' id='word_1_2' title='bbox 327 42 342 84; x_wconf 90' lang='lat' dir='ltr'>l.</span> <span class='ocrx_word' id='word_1_3' title='bbox 360 57 414 84; x_wconf 78' lang='lat' dir='ltr'>uuus.</span> <span class='ocrx_word' id='word_1_4' title='bbox 432 44 466 92; x_wconf 77' lang='lat'>27,</span> <span class='ocrx_word' id='word_1_5' title='bbox 484 44 519 85; x_wconf 71' lang='lat'>23,</span> <span class='ocrx_word' id='word_1_6' title='bbox 715 45 755 85; x_wconf 82' lang='lat'>113</span> 
     </span>
    </p>
   </div>
   <div class='ocr_carea' id='block_1_2' title="bbox 1 165 786 2641">
    <p class='ocr_par' dir='ltr' id='par_1_2' title="bbox 38 165 786 1129">
     <span class='ocr_line' id='line_1_2' title="bbox 41 165 786 223; baseline -0.009 -8"><span class='ocrx_word' id='word_1_7' title='bbox 41 176 90 215; x_wconf 81' lang='lat' dir='ltr'>tirus</span> <span class='ocrx_word' id='word_1_8' title='bbox 111 170 132 210; x_wconf 92' lang='lat' dir='ltr'>in</span> <span class='ocrx_word' id='word_1_9' title='bbox 152 166 247 209; x_wconf 88' lang='lat' dir='ltr'>Dativum</span> <span class='ocrx_word' id='word_1_10' title='bbox 266 167 343 207; x_wconf 87' lang='lat' dir='ltr'>mutari</span> <span class='ocrx_word' id='word_1_11' title='bbox 357 167 435 221; x_wconf 83' lang='lat' dir='ltr'>potuit,</span> <span class='ocrx_word' id='word_1_12' title='bbox 455 175 478 208; x_wconf 92' lang='lat' dir='ltr'>ut</span> <span class='ocrx_word' id='word_1_13' title='bbox 492 165 624 223; x_wconf 79' lang='lat' dir='ltr'>praecedenti</span> <span class='ocrx_word' id='word_1_14' title='bbox 638 167 757 208; x_wconf 84' lang='lat' dir='ltr'>Pronomini</span> <span class='ocrx_word' id='word_1_15' title='bbox 784 168 786 170; x_wconf 71' lang='grc'><strong>’</strong></span> 
     </span>
     <span class='ocr_line' id='line_1_3' title="bbox 39 240 756 299; baseline -0.013 -8"><span class='ocrx_word' id='word_1_16' title='bbox 39 248 105 295; x_wconf 83' lang='grc' dir='ltr'>ωάτοῖς</span> <span class='ocrx_word' id='word_1_17' title='bbox 125 250 186 293; x_wconf 84' lang='lat' dir='ltr'>esset,</span> <span class='ocrx_word' id='word_1_18' title='bbox 209 241 264 299; x_wconf 85' lang='lat' dir='ltr'>quod</span> <span class='ocrx_word' id='word_1_19' title='bbox 279 240 412 297; x_wconf 72' lang='lat' dir='ltr'>responderet</span> <span class='ocrx_word' id='word_1_20' title='bbox 427 241 457 282; x_wconf 88' lang='lat' dir='ltr'>ei:</span> <span class='ocrx_word' id='word_1_21' title='bbox 472 242 555 284; x_wconf 86' lang='lat' dir='ltr'>Datirus</span> <span class='ocrx_word' id='word_1_22' title='bbox 570 258 640 284; x_wconf 88' lang='lat' dir='ltr'>rursus</span> <span class='ocrx_word' id='word_1_23' title='bbox 655 242 678 284; x_wconf 84' lang='lat' dir='ltr'>in</span> <span class='ocrx_word' id='word_1_24' title='bbox 693 242 756 284; x_wconf 86' lang='lat' dir='ltr'>Geni-</span> 
     </span>
     <span class='ocr_line' id='line_1_4' title="bbox 39 312 758 375; baseline -0.006 -12"><span class='ocrx_word' id='word_1_25' title='bbox 39 325 114 371; x_wconf 79' lang='lat' dir='ltr'>tiunn‚</span> <span class='ocrx_word' id='word_1_26' title='bbox 138 317 235 375; x_wconf 86' lang='lat' dir='ltr'>quoniam</span> <span class='ocrx_word' id='word_1_27' title='bbox 254 312 297 359; x_wconf 86' lang='lat' dir='ltr'>non</span> <span class='ocrx_word' id='word_1_28' title='bbox 318 317 482 375; x_wconf 74' lang='lat' dir='ltr'>intelligebatur,</span> <span class='ocrx_word' id='word_1_29' title='bbox 503 317 606 374; x_wconf 87' lang='lat' dir='ltr'>quomodo</span> <span class='ocrx_word' id='word_1_30' title='bbox 620 317 684 368; x_wconf 88' lang='lat' dir='ltr'>illud,</span> <span class='ocrx_word' id='word_1_31' title='bbox 701 318 758 373; x_wconf 82' lang='lat' dir='ltr'>quod</span> 
     </span>
     <span class='ocr_line' id='line_1_5' title="bbox 39 391 760 453; baseline -0.006 -13"><span class='ocrx_word' id='word_1_32' title='bbox 39 412 99 453; x_wconf 81' lang='lat' dir='ltr'>supra</span> <span class='ocrx_word' id='word_1_33' title='bbox 118 395 198 437; x_wconf 88' lang='lat' dir='ltr'>dictum</span> <span class='ocrx_word' id='word_1_34' title='bbox 220 400 273 444; x_wconf 85' lang='lat' dir='ltr'>erat,</span> <span class='ocrx_word' id='word_1_35' title='bbox 294 395 353 451; x_wconf 80' lang='lat' dir='ltr'>ipsis</span> <span class='ocrx_word' id='word_1_36' title='bbox 369 393 549 451; x_wconf 63' lang='lat' dir='ltr'>Philippensibus</span> <span class='ocrx_word' id='word_1_37' title='bbox 565 391 646 443; x_wconf 74' lang='grc' dir='ltr'><em>ἕνάειξις</em></span> <span class='ocrx_word' id='word_1_38' title='bbox 660 394 760 452; x_wconf 77' lang='grc' dir='ltr'><em>σωτηρίας</em></span> 
     </span>
     <span class='ocr_line' id='line_1_6' title="bbox 38 467 757 525; baseline -0.006 -11"><span class='ocrx_word' id='word_1_39' title='bbox 38 472 113 514; x_wconf 82' lang='lat' dir='ltr'>luisset.</span> <span class='ocrx_word' id='word_1_40' title='bbox 143 470 170 511; x_wconf 83' lang='lat' dir='ltr'>At</span> <span class='ocrx_word' id='word_1_41' title='bbox 190 470 280 525; x_wconf 89' lang='lat' dir='ltr'>suspicor</span> <span class='ocrx_word' id='word_1_42' title='bbox 299 476 367 511; x_wconf 90' lang='lat' dir='ltr'>tamen</span> <span class='ocrx_word' id='word_1_43' title='bbox 384 483 478 518; x_wconf 73' lang='lat' dir='ltr'>munim,</span> <span class='ocrx_word' id='word_1_44' title='bbox 492 468 509 508; x_wconf 93' lang='lat' dir='ltr'>si</span> <span class='ocrx_word' id='word_1_45' title='bbox 523 467 618 509; x_wconf 82' lang='lat' dir='ltr'>Genitiro</span> <span class='ocrx_word' id='word_1_46' title='bbox 633 482 681 509; x_wconf 82' lang='lat' dir='ltr'>usus</span> <span class='ocrx_word' id='word_1_47' title='bbox 694 476 757 519; x_wconf 82' lang='lat' dir='ltr'>esset,</span> 
     </span>
     <span class='ocr_line' id='line_1_7' title="bbox 39 542 756 601; baseline -0.003 -13"><span class='ocrx_word' id='word_1_48' title='bbox 39 548 82 589; x_wconf 86' lang='lat' dir='ltr'>voci</span> <span class='ocrx_word' id='word_1_49' title='bbox 100 545 200 595; x_wconf 75' lang='grc' dir='ltr'>ἀπωλείας</span> <span class='ocrx_word' id='word_1_50' title='bbox 218 544 378 601; x_wconf 72' lang='lat' dir='ltr'>postpositurum</span> <span class='ocrx_word' id='word_1_51' title='bbox 397 542 458 584; x_wconf 82' lang='lat' dir='ltr'>fuisse</span> <span class='ocrx_word' id='word_1_52' title='bbox 475 544 592 584; x_wconf 88' lang='lat' dir='ltr'>Pronomen</span> <span class='ocrx_word' id='word_1_53' title='bbox 609 542 687 593; x_wconf 74' lang='grc' dir='ltr'><em>αάπιόν,</em></span> <span class='ocrx_word' id='word_1_54' title='bbox 701 543 756 600; x_wconf 86' lang='lat' dir='ltr'>quod</span> 
     </span>
     <span class='ocr_line' id='line_1_8' title="bbox 39 617 756 681; baseline -0.01 -15"><span class='ocrx_word' id='word_1_55' title='bbox 39 630 85 666; x_wconf 87' lang='lat' dir='ltr'>ante</span> <span class='ocrx_word' id='word_1_56' title='bbox 99 623 158 678; x_wconf 78' lang='grc' dir='ltr'><em>ἀμῶν</em></span> <span class='ocrx_word' id='word_1_57' title='bbox 172 620 322 678; x_wconf 84' lang='lat' dir='ltr'>quodammodo</span> <span class='ocrx_word' id='word_1_58' title='bbox 332 618 413 681; x_wconf 16' lang='lat' dir='ltr'>*requiri</span> <span class='ocrx_word' id='word_1_59' title='bbox 426 617 513 660; x_wconf 86' lang='lat' dir='ltr'>videtur.</span> <span class='ocrx_word' id='word_1_60' title='bbox 536 618 594 671; x_wconf 80' lang='lat' dir='ltr'>Quae</span> <span class='ocrx_word' id='word_1_61' title='bbox 607 633 655 660; x_wconf 88' lang='lat' dir='ltr'>cum</span> <span class='ocrx_word' id='word_1_62' title='bbox 667 618 696 660; x_wconf 87' lang='lat' dir='ltr'>ita</span> <span class='ocrx_word' id='word_1_63' title='bbox 706 618 756 669; x_wconf 87' lang='lat' dir='ltr'>sint,</span> 
     </span>
     <span class='ocr_line' id='line_1_9' title="bbox 39 693 758 755; baseline -0.007 -14"><span class='ocrx_word' id='word_1_64' title='bbox 39 700 112 741; x_wconf 83' lang='lat' dir='ltr'>haereo</span> <span class='ocrx_word' id='word_1_65' title='bbox 128 697 222 755; x_wconf 84' lang='lat' dir='ltr'>quidem,</span> <span class='ocrx_word' id='word_1_66' title='bbox 237 695 272 737; x_wconf 76' lang='lat' dir='ltr'>secl</span> <span class='ocrx_word' id='word_1_67' title='bbox 287 695 316 736; x_wconf 88' lang='lat' dir='ltr'>ita</span> <span class='ocrx_word' id='word_1_68' title='bbox 332 693 412 743; x_wconf 87' lang='lat' dir='ltr'>tamen,</span> <span class='ocrx_word' id='word_1_69' title='bbox 429 701 452 735; x_wconf 91' lang='lat' dir='ltr'>ut</span> <span class='ocrx_word' id='word_1_70' title='bbox 465 695 531 735; x_wconf 82' lang='lat' dir='ltr'>multo</span> <span class='ocrx_word' id='word_1_71' title='bbox 547 695 669 750; x_wconf 82' lang='lat' dir='ltr'>propensior</span> <span class='ocrx_word' id='word_1_72' title='bbox 680 694 718 735; x_wconf 89' lang='lat' dir='ltr'>sim</span> <span class='ocrx_word' id='word_1_73' title='bbox 732 695 758 736; x_wconf 84' lang='lat' dir='ltr'>ad</span> 
     </span>
     <span class='ocr_line' id='line_1_10' title="bbox 39 768 758 829; baseline -0.008 -12"><span class='ocrx_word' id='word_1_74' title='bbox 39 774 139 817; x_wconf 88' lang='lat' dir='ltr'>iudicium</span> <span class='ocrx_word' id='word_1_75' title='bbox 160 773 307 829; x_wconf 82' lang='lat' dir='ltr'>plerorumque</span> <span class='ocrx_word' id='word_1_76' title='bbox 328 770 450 813; x_wconf 83' lang='lat' dir='ltr'>Criticorum</span> <span class='ocrx_word' id='word_1_77' title='bbox 464 768 601 825; x_wconf 81' lang='lat' dir='ltr'>probandum.</span> <span class='ocrx_word' id='word_1_78' title='bbox 632 770 758 825; x_wconf 89' lang='lat' dir='ltr'>Interpreta-</span> 
     </span>
     <span class='ocr_line' id='line_1_11' title="bbox 40 844 759 902; baseline -0.004 -10"><span class='ocrx_word' id='word_1_79' title='bbox 40 850 117 892; x_wconf 85' lang='lat' dir='ltr'>tiouem</span> <span class='ocrx_word' id='word_1_80' title='bbox 128 848 239 890; x_wconf 82' lang='lat' dir='ltr'>verborum</span> <span class='ocrx_word' id='word_1_81' title='bbox 252 844 308 902; x_wconf 91' lang='lat' dir='ltr'>quod</span> <span class='ocrx_word' id='word_1_82' title='bbox 322 845 405 896; x_wconf 80' lang='lat' dir='ltr'>attinet,</span> <span class='ocrx_word' id='word_1_83' title='bbox 421 859 490 896; x_wconf 86' lang='lat' dir='ltr'>nemo,</span> <span class='ocrx_word' id='word_1_84' title='bbox 504 846 632 901; x_wconf 76' lang='lat' dir='ltr'>putaverim,</span> <span class='ocrx_word' id='word_1_85' title='bbox 646 860 759 889; x_wconf 80' lang='lat' dir='ltr'>namuren-</span> 
     </span>
     <span class='ocr_line' id='line_1_12' title="bbox 40 920 759 983; baseline -0.006 -14"><span class='ocrx_word' id='word_1_86' title='bbox 40 942 72 969; x_wconf 87' lang='lat' dir='ltr'>sro</span> <span class='ocrx_word' id='word_1_87' title='bbox 86 924 198 983; x_wconf 84' lang='lat' dir='ltr'>paucisque</span> <span class='ocrx_word' id='word_1_88' title='bbox 212 922 266 973; x_wconf 88' lang='lat' dir='ltr'>aliis,</span> <span class='ocrx_word' id='word_1_89' title='bbox 281 921 318 978; x_wconf 84' lang='lat' dir='ltr'>qui</span> <span class='ocrx_word' id='word_1_90' title='bbox 329 921 446 964; x_wconf 89' lang='lat' dir='ltr'>Pronomeu</span> <span class='ocrx_word' id='word_1_91' title='bbox 460 921 528 972; x_wconf 82' lang='grc' dir='ltr'>αάποῖς</span> <span class='ocrx_word' id='word_1_92' title='bbox 542 920 568 963; x_wconf 88' lang='lat' dir='ltr'>ad</span> <span class='ocrx_word' id='word_1_93' title='bbox 580 937 652 965; x_wconf 82' lang='lat' dir='ltr'>rocem</span> <span class='ocrx_word' id='word_1_94' title='bbox 660 921 759 972; x_wconf 78' lang='grc' dir='ltr'>ἀπωλείας</span> 
     </span>
     <span class='ocr_line' id='line_1_13' title="bbox 41 996 757 1051; baseline -0.007 -7"><span class='ocrx_word' id='word_1_95' title='bbox 41 1002 142 1051; x_wconf 84' lang='lat' dir='ltr'>referunt,</span> <span class='ocrx_word' id='word_1_96' title='bbox 123 999 261 1041; x_wconf 87' lang='lat' dir='ltr'>tlcaeulum</span> <span class='ocrx_word' id='word_1_97' title='bbox 274 996 367 1048; x_wconf 85' lang='lat' dir='ltr'>adiiciet</span> <span class='ocrx_word' id='word_1_98' title='bbox 384 997 476 1039; x_wconf 89' lang='lat' dir='ltr'>animum</span> <span class='ocrx_word' id='word_1_99' title='bbox 491 996 552 1039; x_wconf 89' lang='lat' dir='ltr'>modo</span> <span class='ocrx_word' id='word_1_100' title='bbox 567 1012 757 1047; x_wconf 74' lang='lat' dir='ltr'>oumomrrmasm,</span> 
     </span>
     <span class='ocr_line' id='line_1_14' title="bbox 41 1071 758 1129; baseline -0.006 -8.804"><span class='ocrx_word' id='word_1_101' title='bbox 41 1077 100 1120; x_wconf 78' lang='lat' dir='ltr'>etad</span> <span class='ocrx_word' id='word_1_102' title='bbox 115 1077 135 1118; x_wconf 88' lang='lat' dir='ltr'>lo</span> <span class='ocrx_word' id='word_1_103' title='bbox 124 1090 194 1124; x_wconf 77' lang='lat' dir='ltr'>neuin,</span> <span class='ocrx_word' id='word_1_104' title='bbox 208 1074 245 1116; x_wconf 89' lang='lat' dir='ltr'>uhi</span> <span class='ocrx_word' id='word_1_105' title='bbox 258 1072 312 1114; x_wconf 89' lang='lat' dir='ltr'>illud</span> <span class='ocrx_word' id='word_1_106' title='bbox 325 1073 415 1129; x_wconf 85' lang='lat' dir='ltr'>positum</span> <span class='ocrx_word' id='word_1_107' title='bbox 428 1079 467 1123; x_wconf 81' lang='lat' dir='ltr'>est,</span> <span class='ocrx_word' id='word_1_108' title='bbox 482 1071 541 1115; x_wconf 80' lang='lat' dir='ltr'>etad</span> <span class='ocrx_word' id='word_1_109' title='bbox 549 1088 623 1115; x_wconf 72' lang='lat' dir='ltr'>oesiam</span> <span class='ocrx_word' id='word_1_110' title='bbox 637 1073 681 1116; x_wconf 88' lang='lat' dir='ltr'>eius</span> <span class='ocrx_word' id='word_1_111' title='bbox 692 1081 758 1116; x_wconf 83' lang='lat' dir='ltr'>atton</span> 
     </span>
    </p>

    <p class='ocr_par' dir='ltr' id='par_1_3' title="bbox 1 1144 769 2487">
     <span class='ocr_line' id='line_1_15' title="bbox 41 1144 759 1205; baseline -0.004 -11"><span class='ocrx_word' id='word_1_112' title='bbox 41 1153 99 1195; x_wconf 84' lang='lat' dir='ltr'>derit.</span> <span class='ocrx_word' id='word_1_113' title='bbox 129 1153 193 1193; x_wconf 79' lang='lat' dir='ltr'>Reate</span> <span class='ocrx_word' id='word_1_114' title='bbox 213 1148 285 1190; x_wconf 89' lang='lat' dir='ltr'>itidem</span> <span class='ocrx_word' id='word_1_115' title='bbox 304 1147 345 1192; x_wconf 85' lang='lat' dir='ltr'>Vir</span> <span class='ocrx_word' id='word_1_116' title='bbox 362 1148 437 1189; x_wconf 88' lang='lat' dir='ltr'>Doctus</span> <span class='ocrx_word' id='word_1_117' title='bbox 453 1144 605 1189; x_wconf 80' lang='lat' dir='ltr'>Articulmn‘&#39;</span> <span class='ocrx_word' id='word_1_118' title='bbox 590 1165 644 1205; x_wconf 79' lang='grc' dir='ltr'><em>ητις,</em></span> <span class='ocrx_word' id='word_1_119' title='bbox 666 1151 759 1205; x_wconf 84' lang='lat' dir='ltr'>quamvis</span> 
     </span>
     <span class='ocr_line' id='line_1_16' title="bbox 42 1223 758 1285; baseline -0.006 -14"><span class='ocrx_word' id='word_1_120' title='bbox 42 1228 67 1271; x_wconf 88' lang='lat' dir='ltr'>ad</span> <span class='ocrx_word' id='word_1_121' title='bbox 80 1226 223 1285; x_wconf 79' lang='lat' dir='ltr'>praecedentia</span> <span class='ocrx_word' id='word_1_122' title='bbox 236 1223 340 1280; x_wconf 73' lang='lat' dir='ltr'>respiciat,</span> <span class='ocrx_word' id='word_1_123' title='bbox 357 1223 471 1266; x_wconf 85' lang='lat' dir='ltr'>secuudum</span> <span class='ocrx_word' id='word_1_124' title='bbox 484 1224 616 1280; x_wconf 88' lang='lat' dir='ltr'>frequentem</span> <span class='ocrx_word' id='word_1_125' title='bbox 631 1225 758 1268; x_wconf 85' lang='lat' dir='ltr'>Graecorum</span> 
     </span>
     <span class='ocr_line' id='line_1_17' title="bbox 42 1297 760 1356; baseline -0.003 -11"><span class='ocrx_word' id='word_1_126' title='bbox 42 1319 113 1353; x_wconf 83' lang='lat' dir='ltr'>usum,</span> <span class='ocrx_word' id='word_1_127' title='bbox 133 1302 154 1343; x_wconf 89' lang='lat' dir='ltr'>in</span> <span class='ocrx_word' id='word_1_128' title='bbox 173 1297 272 1341; x_wconf 87' lang='lat' dir='ltr'>feminino</span> <span class='ocrx_word' id='word_1_129' title='bbox 294 1314 368 1356; x_wconf 82' lang='lat' dir='ltr'>genere</span> <span class='ocrx_word' id='word_1_130' title='bbox 390 1299 489 1354; x_wconf 88' lang='lat' dir='ltr'>scriptum</span> <span class='ocrx_word' id='word_1_131' title='bbox 509 1306 529 1340; x_wconf 90' lang='lat' dir='ltr'>et</span> <span class='ocrx_word' id='word_1_132' title='bbox 545 1314 594 1341; x_wconf 91' lang='lat' dir='ltr'>cum</span> <span class='ocrx_word' id='word_1_133' title='bbox 608 1315 659 1342; x_wconf 79' lang='lat' dir='ltr'>voce</span> <span class='ocrx_word' id='word_1_134' title='bbox 679 1299 760 1351; x_wconf 70' lang='grc' dir='ltr'>ἔνδειξις</span> 
     </span>
     <span class='ocr_line' id='line_1_18' title="bbox 43 1375 760 1433; baseline -0.001 -14"><span class='ocrx_word' id='word_1_135' title='bbox 43 1376 181 1433; x_wconf 86' lang='lat' dir='ltr'>copulandum</span> <span class='ocrx_word' id='word_1_136' title='bbox 194 1389 236 1416; x_wconf 88' lang='lat' dir='ltr'>esse</span> <span class='ocrx_word' id='word_1_137' title='bbox 249 1382 326 1416; x_wconf 87' lang='lat' dir='ltr'>monet.</span> <span class='ocrx_word' id='word_1_138' title='bbox 351 1375 416 1417; x_wconf 83' lang='lat' dir='ltr'>Minus</span> <span class='ocrx_word' id='word_1_139' title='bbox 432 1381 488 1417; x_wconf 85' lang='lat' dir='ltr'>reete</span> <span class='ocrx_word' id='word_1_140' title='bbox 500 1381 569 1416; x_wconf 88' lang='lat' dir='ltr'>tamen</span> <span class='ocrx_word' id='word_1_141' title='bbox 584 1375 701 1425; x_wconf 82' lang='lat' dir='ltr'>contendit,</span> <span class='ocrx_word' id='word_1_142' title='bbox 715 1391 760 1418; x_wconf 89' lang='lat' dir='ltr'>sen-</span> 
     </span>
     <span class='ocr_line' id='line_1_19' title="bbox 43 1448 760 1505; baseline -0.001 -10"><span class='ocrx_word' id='word_1_143' title='bbox 43 1469 89 1495; x_wconf 89' lang='lat' dir='ltr'>sum</span> <span class='ocrx_word' id='word_1_144' title='bbox 104 1450 198 1493; x_wconf 88' lang='lat' dir='ltr'>orationis</span> <span class='ocrx_word' id='word_1_145' title='bbox 213 1449 286 1492; x_wconf 86' lang='lat' dir='ltr'>eodem</span> <span class='ocrx_word' id='word_1_146' title='bbox 300 1449 368 1491; x_wconf 83' lang='lat' dir='ltr'>redire</span> <span class='ocrx_word' id='word_1_147' title='bbox 381 1464 445 1505; x_wconf 83' lang='lat' dir='ltr'>posse,</span> <span class='ocrx_word' id='word_1_148' title='bbox 460 1450 501 1490; x_wconf 84' lang='lat' dir='ltr'>sive</span> <span class='ocrx_word' id='word_1_149' title='bbox 513 1448 618 1491; x_wconf 81' lang='lat' dir='ltr'>Genitivus</span> <span class='ocrx_word' id='word_1_150' title='bbox 631 1450 715 1501; x_wconf 83' lang='lat' dir='ltr'>Datiro,</span> <span class='ocrx_word' id='word_1_151' title='bbox 724 1466 760 1494; x_wconf 90' lang='lat' dir='ltr'>seu</span> 
     </span>
     <span class='ocr_line' id='line_1_20' title="bbox 43 1524 761 1581; baseline -0.007 -11"><span class='ocrx_word' id='word_1_152' title='bbox 43 1528 77 1570; x_wconf 78' lang='lat' dir='ltr'>hie</span> <span class='ocrx_word' id='word_1_153' title='bbox 97 1526 128 1568; x_wconf 91' lang='lat' dir='ltr'>illi</span> <span class='ocrx_word' id='word_1_154' title='bbox 146 1526 279 1581; x_wconf 85' lang='lat' dir='ltr'>praeferatur.</span> <span class='ocrx_word' id='word_1_155' title='bbox 310 1524 331 1566; x_wconf 82' lang='lat' dir='ltr'>Si</span> <span class='ocrx_word' id='word_1_156' title='bbox 351 1524 407 1566; x_wconf 86' lang='lat' dir='ltr'>enim</span> <span class='ocrx_word' id='word_1_157' title='bbox 427 1524 515 1580; x_wconf 84' lang='lat' dir='ltr'>legimus</span> <span class='ocrx_word' id='word_1_158' title='bbox 529 1524 599 1577; x_wconf 76' lang='grc' dir='ltr'><em>ἀμῶν,</em></span> <span class='ocrx_word' id='word_1_159' title='bbox 621 1526 761 1567; x_wconf 74' lang='lat' dir='ltr'>advorsariis</span> 
     </span>
     <span class='ocr_line' id='line_1_21' title="bbox 43 1588 761 1657; baseline 0.004 -16"><span class='ocrx_word' id='word_1_160' title='bbox 43 1596 121 1649; x_wconf 68' lang='grc' dir='ltr'>ἔνδειξις</span> <span class='ocrx_word' id='word_1_161' title='bbox 134 1599 236 1657; x_wconf 86' lang='lat' dir='ltr'>quaedam</span> <span class='ocrx_word' id='word_1_162' title='bbox 251 1615 292 1642; x_wconf 89' lang='lat' dir='ltr'>esse</span> <span class='ocrx_word' id='word_1_163' title='bbox 307 1588 383 1642; x_wconf 79' lang='lat' dir='ltr'>(licitur</span> <span class='ocrx_word' id='word_1_164' title='bbox 395 1599 514 1656; x_wconf 79' lang='lat' dir='ltr'>utriusque,</span> <span class='ocrx_word' id='word_1_165' title='bbox 529 1606 549 1641; x_wconf 91' lang='lat' dir='ltr'>et</span> <span class='ocrx_word' id='word_1_166' title='bbox 560 1600 672 1652; x_wconf 77' lang='grc' dir='ltr'><em>ἀπωλείας,</em></span> <span class='ocrx_word' id='word_1_167' title='bbox 686 1608 706 1642; x_wconf 89' lang='lat' dir='ltr'>ct</span> <span class='ocrx_word' id='word_1_168' title='bbox 720 1617 761 1645; x_wconf 84' lang='grc' dir='ltr'>σω-</span> 
     </span>
     <span class='ocr_line' id='line_1_22' title="bbox 43 1675 762 1734; baseline -0.001 -15"><span class='ocrx_word' id='word_1_169' title='bbox 43 1677 122 1734; x_wconf 77' lang='grc' dir='ltr'><em>πηρίως;</em></span> <span class='ocrx_word' id='word_1_170' title='bbox 140 1683 161 1718; x_wconf 84' lang='lat' dir='ltr'>at</span> <span class='ocrx_word' id='word_1_171' title='bbox 180 1676 229 1717; x_wconf 82' lang='lat' dir='ltr'>uero</span> <span class='ocrx_word' id='word_1_172' title='bbox 247 1675 330 1718; x_wconf 85' lang='lat' dir='ltr'>alterius</span> <span class='ocrx_word' id='word_1_173' title='bbox 350 1682 431 1717; x_wconf 87' lang='lat' dir='ltr'>tantum</span> <span class='ocrx_word' id='word_1_174' title='bbox 444 1675 596 1726; x_wconf 74' lang='lat' dir='ltr'>adversariis,</span> <span class='ocrx_word' id='word_1_175' title='bbox 610 1676 693 1717; x_wconf 82' lang='lat' dir='ltr'>alterins</span> <span class='ocrx_word' id='word_1_176' title='bbox 705 1678 762 1734; x_wconf 70' lang='lat' dir='ltr'>ipsis</span> 
     </span>
     <span class='ocr_line' id='line_1_23' title="bbox 44 1749 762 1809; baseline 0.003 -16"><span class='ocrx_word' id='word_1_177' title='bbox 44 1750 233 1809; x_wconf 74' lang='lat' dir='ltr'>Philippensibus,</span> <span class='ocrx_word' id='word_1_178' title='bbox 248 1751 264 1792; x_wconf 91' lang='lat' dir='ltr'>si</span> <span class='ocrx_word' id='word_1_179' title='bbox 277 1750 398 1800; x_wconf 84' lang='lat' dir='ltr'>retinemus,</span> <span class='ocrx_word' id='word_1_180' title='bbox 414 1749 470 1805; x_wconf 88' lang='lat' dir='ltr'>quod</span> <span class='ocrx_word' id='word_1_181' title='bbox 484 1750 546 1807; x_wconf 80' lang='lat' dir='ltr'>uulgo</span> <span class='ocrx_word' id='word_1_182' title='bbox 559 1749 638 1792; x_wconf 90' lang='lat' dir='ltr'>editum</span> <span class='ocrx_word' id='word_1_183' title='bbox 652 1758 688 1793; x_wconf 92' lang='lat' dir='ltr'>est.</span> <span class='ocrx_word' id='word_1_184' title='bbox 718 1752 762 1795; x_wconf 88' lang='lat' dir='ltr'>Iam</span> 
     </span>
     <span class='ocr_line' id='line_1_24' title="bbox 43 1825 769 1884; baseline 0 -18"><span class='ocrx_word' id='word_1_185' title='bbox 43 1826 104 1868; x_wconf 77' lang='lat' dir='ltr'>verbo</span> <span class='ocrx_word' id='word_1_186' title='bbox 117 1841 203 1868; x_wconf 88' lang='lat' dir='ltr'>monere</span> <span class='ocrx_word' id='word_1_187' title='bbox 216 1825 312 1877; x_wconf 86' lang='lat' dir='ltr'>sufficiet,</span> <span class='ocrx_word' id='word_1_188' title='bbox 325 1840 384 1868; x_wconf 79' lang='lat' dir='ltr'>voces</span> <span class='ocrx_word' id='word_1_189' title='bbox 402 1825 503 1876; x_wconf 71' lang='grc' dir='ltr'><em>ἀπωλείας</em></span> <span class='ocrx_word' id='word_1_190' title='bbox 517 1832 537 1867; x_wconf 89' lang='lat' dir='ltr'>et</span> <span class='ocrx_word' id='word_1_191' title='bbox 551 1826 651 1884; x_wconf 73' lang='grc' dir='ltr'><em>σωτηρίας</em></span> <span class='ocrx_word' id='word_1_192' title='bbox 664 1827 769 1870; x_wconf 81' lang='lat' dir='ltr'>inservire</span> 
     </span>
     <span class='ocr_line' id='line_1_25' title="bbox 44 1900 762 1959; baseline 0.003 -16"><span class='ocrx_word' id='word_1_193' title='bbox 44 1901 128 1957; x_wconf 84' lang='lat' dir='ltr'>quidem</span> <span class='ocrx_word' id='word_1_194' title='bbox 146 1900 172 1943; x_wconf 90' lang='lat' dir='ltr'>ad</span> <span class='ocrx_word' id='word_1_195' title='bbox 191 1900 354 1959; x_wconf 84' lang='lat' dir='ltr'>persequendam</span> <span class='ocrx_word' id='word_1_196' title='bbox 371 1900 484 1958; x_wconf 85' lang='lat' dir='ltr'>imaginem</span> <span class='ocrx_word' id='word_1_197' title='bbox 504 1916 516 1943; x_wconf 90' lang='lat' dir='ltr'>a</span> <span class='ocrx_word' id='word_1_198' title='bbox 536 1901 648 1943; x_wconf 87' lang='lat' dir='ltr'>certamine</span> <span class='ocrx_word' id='word_1_199' title='bbox 665 1902 762 1958; x_wconf 88' lang='lat' dir='ltr'>petitam;</span> 
     </span>
     <span class='ocr_line' id='line_1_26' title="bbox 45 1977 764 2031; baseline 0.004 -13"><span class='ocrx_word' id='word_1_200' title='bbox 45 1991 83 2019; x_wconf 85' lang='lat' dir='ltr'>neo</span> <span class='ocrx_word' id='word_1_201' title='bbox 102 1984 171 2019; x_wconf 88' lang='lat' dir='ltr'>tamen</span> <span class='ocrx_word' id='word_1_202' title='bbox 192 1992 241 2019; x_wconf 86' lang='lat' dir='ltr'>cum</span> <span class='ocrx_word' id='word_1_203' title='bbox 260 1983 366 2019; x_wconf 71' lang='lat' dir='ltr'>ammam</span> <span class='ocrx_word' id='word_1_204' title='bbox 379 1977 405 2019; x_wconf 76' lang='lat' dir='ltr'>(le</span> <span class='ocrx_word' id='word_1_205' title='bbox 420 1977 483 2019; x_wconf 77' lang='lat' dir='ltr'>clade</span> <span class='ocrx_word' id='word_1_206' title='bbox 499 1984 518 2019; x_wconf 90' lang='lat' dir='ltr'>et</span> <span class='ocrx_word' id='word_1_207' title='bbox 532 1979 628 2020; x_wconf 78' lang='lat' dir='ltr'>victoria</span> <span class='ocrx_word' id='word_1_208' title='bbox 642 1979 764 2031; x_wconf 79' lang='lat' dir='ltr'>sumendas,</span> 
     </span>
     <span class='ocr_line' id='line_1_27' title="bbox 45 2052 764 2111; baseline 0.007 -18"><span class='ocrx_word' id='word_1_209' title='bbox 45 2052 79 2094; x_wconf 79' lang='lat' dir='ltr'>set</span> <span class='ocrx_word' id='word_1_210' title='bbox 94 2052 223 2109; x_wconf 77' lang='lat' dir='ltr'>exponendas</span> <span class='ocrx_word' id='word_1_211' title='bbox 238 2067 280 2095; x_wconf 89' lang='lat' dir='ltr'>esse</span> <span class='ocrx_word' id='word_1_212' title='bbox 290 2054 401 2111; x_wconf 77' lang='lat' dir='ltr'>perniciei</span> <span class='ocrx_word' id='word_1_213' title='bbox 414 2060 434 2093; x_wconf 91' lang='lat' dir='ltr'>et</span> <span class='ocrx_word' id='word_1_214' title='bbox 448 2054 542 2103; x_wconf 65' lang='lat' dir='ltr'>salmis,</span> <span class='ocrx_word' id='word_1_215' title='bbox 558 2066 585 2094; x_wconf 89' lang='lat' dir='ltr'>ne</span> <span class='ocrx_word' id='word_1_216' title='bbox 599 2053 656 2095; x_wconf 89' lang='lat' dir='ltr'>notio</span> <span class='ocrx_word' id='word_1_217' title='bbox 669 2054 693 2095; x_wconf 88' lang='lat' dir='ltr'>iis</span> <span class='ocrx_word' id='word_1_218' title='bbox 706 2055 764 2097; x_wconf 84' lang='lat' dir='ltr'>affin-</span> 
     </span>
     <span class='ocr_line' id='line_1_28' title="bbox 46 2122 765 2185; baseline 0.003 -16"><span class='ocrx_word' id='word_1_219' title='bbox 46 2122 104 2182; x_wconf 80' lang='lat' dir='ltr'>gatur</span> <span class='ocrx_word' id='word_1_220' title='bbox 124 2144 174 2171; x_wconf 89' lang='lat' dir='ltr'>nora</span> <span class='ocrx_word' id='word_1_221' title='bbox 194 2137 214 2171; x_wconf 85' lang='lat' dir='ltr'>et</span> <span class='ocrx_word' id='word_1_222' title='bbox 235 2144 320 2172; x_wconf 75' lang='lat' dir='ltr'>amum</span> <span class='ocrx_word' id='word_1_223' title='bbox 333 2128 411 2184; x_wconf 86' lang='lat' dir='ltr'>scriptis</span> <span class='ocrx_word' id='word_1_224' title='bbox 425 2128 498 2171; x_wconf 85' lang='lat' dir='ltr'>aliena.</span> <span class='ocrx_word' id='word_1_225' title='bbox 528 2128 573 2171; x_wconf 87' lang='lat' dir='ltr'>Hoc</span> <span class='ocrx_word' id='word_1_226' title='bbox 587 2136 657 2171; x_wconf 85' lang='lat' dir='ltr'>autem</span> <span class='ocrx_word' id='word_1_227' title='bbox 672 2129 765 2185; x_wconf 74' lang='lat' dir='ltr'>Apostoli</span> 
     </span>
     <span class='ocr_line' id='line_1_29' title="bbox 46 2201 762 2260; baseline 0.006 -17"><span class='ocrx_word' id='word_1_228' title='bbox 46 2201 123 2246; x_wconf 87' lang='lat' dir='ltr'>dictum</span> <span class='ocrx_word' id='word_1_229' title='bbox 134 2204 202 2246; x_wconf 86' lang='lat' dir='ltr'>minus</span> <span class='ocrx_word' id='word_1_230' title='bbox 215 2205 289 2248; x_wconf 86' lang='lat' dir='ltr'>laboris</span> <span class='ocrx_word' id='word_1_231' title='bbox 304 2206 407 2248; x_wconf 86' lang='lat' dir='ltr'>facturum</span> <span class='ocrx_word' id='word_1_232' title='bbox 419 2203 479 2246; x_wconf 83' lang='lat' dir='ltr'>fuisse</span> <span class='ocrx_word' id='word_1_233' title='bbox 494 2210 543 2259; x_wconf 88' lang='lat' dir='ltr'>puto</span> <span class='ocrx_word' id='word_1_234' title='bbox 555 2204 716 2260; x_wconf 79' lang='lat' dir='ltr'>Interpretibrrs,</span> <span class='ocrx_word' id='word_1_235' title='bbox 734 2206 762 2256; x_wconf 87' lang='lat' dir='ltr'>si,</span> 
     </span>
     <span class='ocr_line' id='line_1_30' title="bbox 45 2277 763 2332; baseline 0.006 -14"><span class='ocrx_word' id='word_1_236' title='bbox 45 2277 117 2323; x_wconf 87' lang='lat' dir='ltr'>iudea</span> <span class='ocrx_word' id='word_1_237' title='bbox 131 2295 291 2332; x_wconf 77' lang='lat' dir='ltr'>euarsosrouo‚</span> <span class='ocrx_word' id='word_1_238' title='bbox 306 2279 492 2324; x_wconf 75' lang='lat' dir='ltr'>animadvertissent</span> <span class='ocrx_word' id='word_1_239' title='bbox 506 2293 588 2329; x_wconf 89' lang='lat' dir='ltr'>omnes,</span> <span class='ocrx_word' id='word_1_240' title='bbox 604 2280 626 2322; x_wconf 91' lang='lat' dir='ltr'>in</span> <span class='ocrx_word' id='word_1_241' title='bbox 639 2281 763 2322; x_wconf 88' lang='lat' dir='ltr'>Pronomine</span> 
     </span>
     <span class='ocr_line' id='line_1_31' title="bbox 46 2352 763 2411; baseline 0.004 -16"><span class='ocrx_word' id='word_1_242' title='bbox 46 2352 121 2408; x_wconf 77' lang='grc' dir='ltr'><em>αάτοῖς,</em></span> <span class='ocrx_word' id='word_1_243' title='bbox 136 2362 194 2397; x_wconf 88' lang='lat' dir='ltr'>uctt</span> <span class='ocrx_word' id='word_1_244' title='bbox 418 2370 434 2395; x_wconf 90' lang='lat' dir='ltr'>sr</span> <span class='ocrx_word' id='word_1_245' title='bbox 428 2352 486 2396; x_wconf 88' lang='lat' dir='ltr'>hoo</span> <span class='ocrx_word' id='word_1_246' title='bbox 501 2354 613 2411; x_wconf 79' lang='lat' dir='ltr'>genuinum</span> <span class='ocrx_word' id='word_1_247' title='bbox 630 2362 665 2404; x_wconf 88' lang='lat' dir='ltr'>est,</span> <span class='ocrx_word' id='word_1_248' title='bbox 674 2355 763 2398; x_wconf 85' lang='lat' dir='ltr'>eundem</span> 
     </span>
     <span class='ocr_line' id='line_1_32' title="bbox 1 2363 764 2487; baseline 0.005 -19"><span class='ocrx_word' id='word_1_249' title='bbox 1 2456 4 2461; x_wconf 77' lang='lat'><em>,</em></span> <span class='ocrx_word' id='word_1_250' title='bbox 45 2426 148 2470; x_wconf 75' lang='lat' dir='ltr'>Datioirm</span> <span class='ocrx_word' id='word_1_251' title='bbox 164 2432 221 2474; x_wconf 87' lang='lat' dir='ltr'>cerni</span> <span class='ocrx_word' id='word_1_252' title='bbox 234 2363 365 2482; x_wconf 71' lang='lat' dir='ltr'>moimarii,</span> <span class='ocrx_word' id='word_1_253' title='bbox 361 2445 397 2487; x_wconf 92' lang='lat' dir='ltr'>qm</span> <span class='ocrx_word' id='word_1_254' title='bbox 391 2429 503 2473; x_wconf 84' lang='lat' dir='ltr'>inVersu</span> <span class='ocrx_word' id='word_1_255' title='bbox 517 2429 617 2484; x_wconf 88' lang='lat' dir='ltr'>superiori</span> <span class='ocrx_word' id='word_1_256' title='bbox 625 2427 764 2484; x_wconf 79' lang='lat' dir='ltr'>deprehendi</span> 
     </span>
    </p>

    <p class='ocr_par' dir='ltr' id='par_1_4' title="bbox 2 2502 765 2563">
     <span class='ocr_line' id='line_1_33' title="bbox 2 2502 765 2563; baseline 0.007 -20"><span class='ocrx_word' id='word_1_257' title='bbox 2 2524 3 2527; x_wconf 59' lang='lat'><em>=</em></span> <span class='ocrx_word' id='word_1_258' title='bbox 46 2509 86 2546; x_wconf 84' lang='lat' dir='ltr'>tur.</span> <span class='ocrx_word' id='word_1_259' title='bbox 117 2504 170 2546; x_wconf 85' lang='lat' dir='ltr'>Hinc</span> <span class='ocrx_word' id='word_1_260' title='bbox 185 2507 240 2556; x_wconf 89' lang='lat' dir='ltr'>enim</span> <span class='ocrx_word' id='word_1_261' title='bbox 252 2507 295 2549; x_wconf 87' lang='lat' dir='ltr'>inte</span> <span class='ocrx_word' id='word_1_262' title='bbox 276 2506 397 2563; x_wconf 83' lang='lat' dir='ltr'>telligimus,</span> <span class='ocrx_word' id='word_1_263' title='bbox 414 2511 457 2547; x_wconf 88' lang='lat' dir='ltr'>sen</span> <span class='ocrx_word' id='word_1_264' title='bbox 459 2512 534 2547; x_wconf 89' lang='lat' dir='ltr'>on</span> <span class='ocrx_word' id='word_1_265' title='bbox 501 2502 663 2559; x_wconf 76' lang='lat' dir='ltr'>Quod</span> <span class='ocrx_word' id='word_1_266' title='bbox 635 2520 643 2544; x_wconf 79' lang='lat' dir='ltr'>z</span> <span class='ocrx_word' id='word_1_267' title='bbox 663 2519 684 2545; x_wconf 80' lang='lat' dir='ltr'>ic</span> <span class='ocrx_word' id='word_1_268' title='bbox 694 2504 765 2562; x_wconf 76' lang='lat' dir='ltr'>pared</span> 
     </span>
    </p>

    <p class='ocr_par' dir='ltr' id='par_1_5' title="bbox 2 2577 765 2641">
     <span class='ocr_line' id='line_1_34' title="bbox 2 2577 765 2641; baseline 0.008 -23"><span class='ocrx_word' id='word_1_269' title='bbox 2 2580 3 2595; x_wconf 70' lang='lat'>³</span> <span class='ocrx_word' id='word_1_270' title='bbox 45 2577 96 2619; x_wconf 83' lang='lat' dir='ltr'>dam</span> <span class='ocrx_word' id='word_1_271' title='bbox 118 2584 151 2620; x_wconf 78' lang='lat' dir='ltr'>eti</span> <span class='ocrx_word' id='word_1_272' title='bbox 164 2580 267 2635; x_wconf 70' lang='lat' dir='ltr'>iudicum</span> <span class='ocrx_word' id='word_1_273' title='bbox 281 2597 401 2641; x_wconf 66' lang='lat' dir='ltr'>peteteret</span> <span class='ocrx_word' id='word_1_274' title='bbox 420 2581 478 2624; x_wconf 79' lang='lat' dir='ltr'>cobis</span> <span class='ocrx_word' id='word_1_275' title='bbox 493 2595 544 2622; x_wconf 76' lang='lat' dir='ltr'>cero</span> <span class='ocrx_word' id='word_1_276' title='bbox 563 2581 655 2630; x_wconf 56' lang='lat' dir='ltr'>solertim</span> <span class='ocrx_word' id='word_1_277' title='bbox 674 2596 717 2623; x_wconf 89' lang='lat' dir='ltr'>non</span> <span class='ocrx_word' id='word_1_278' title='bbox 736 2583 765 2624; x_wconf 88' lang='lat' dir='ltr'>si-</span> 
     </span>
    </p>
   </div>
   <div class='ocr_carea' id='block_1_3' title="bbox 2 2653 766 2715">
    <p class='ocr_par' dir='ltr' id='par_1_6' title="bbox 2 2653 766 2715">
     <span class='ocr_line' id='line_1_35' title="bbox 2 2653 766 2715; baseline 0.009 -22"><span class='ocrx_word' id='word_1_279' title='bbox 2 2711 4 2715; x_wconf 14' lang='lat'><em>?</em></span> <span class='ocrx_word' id='word_1_280' title='bbox 48 2653 152 2705; x_wconf 77' lang='lat' dir='ltr'>gnfficam,</span> <span class='ocrx_word' id='word_1_281' title='bbox 177 2656 226 2710; x_wconf 82' lang='lat' dir='ltr'>quid</span> <span class='ocrx_word' id='word_1_282' title='bbox 241 2657 335 2699; x_wconf 83' lang='lat' dir='ltr'>homines</span> <span class='ocrx_word' id='word_1_283' title='bbox 350 2673 428 2700; x_wconf 72' lang='lat' dir='ltr'>reuera</span> <span class='ocrx_word' id='word_1_284' title='bbox 443 2658 550 2711; x_wconf 67' lang='lat' dir='ltr'>interint,</span> <span class='ocrx_word' id='word_1_285' title='bbox 567 2657 602 2698; x_wconf 76' lang='lat' dir='ltr'>sed</span> <span class='ocrx_word' id='word_1_286' title='bbox 622 2657 672 2712; x_wconf 85' lang='lat' dir='ltr'>quid</span> <span class='ocrx_word' id='word_1_287' title='bbox 691 2659 766 2700; x_wconf 80' lang='lat' dir='ltr'>videre</span> 
     </span>
    </p>
   </div>
   <div class='ocr_carea' id='block_1_4' title="bbox 0 0 840 2790">
    <p class='ocr_par' dir='ltr' id='par_1_7' title="bbox 0 0 840 2790">
     <span class='ocr_line' id='line_1_36' title="bbox 0 0 840 2790; baseline 0 0"><span class='ocrx_word' id='word_1_288' title='bbox 0 0 840 2790; x_wconf 95' lang='lat' dir='ltr'> </span> 
     </span>
    </p>
   </div>
   <div class='ocr_carea' id='block_1_5' title="bbox 658 2738 669 2776">
    <p class='ocr_par' dir='ltr' id='par_1_8' title="bbox 658 2738 669 2776">
     <span class='ocr_line' id='line_1_37' title="bbox 658 2738 669 2776; baseline 0 0"><span class='ocrx_word' id='word_1_289' title='bbox 658 2738 669 2776; x_wconf 72' lang='grc'>3</span> 
     </span>
    </p>
   </div>
  </div>
 </body>
</html>
