1650 2790
26 92 65 129 116
282 100 323 125 car.
341 84 355 125 Ι,
373 96 428 124 runs
446 87 479 123 29,

27 213 128 253 notirnrcnr
145 210 235 249 obtinere
251 208 316 262 possit.
349 208 419 264 Neque
435 207 530 249 arulicndi
546 213 603 254 sunt,
619 206 655 262 qui
670 203 740 258 Eilipsi

26 287 81 327 nerii
102 288 163 327 ποιεῖν
184 284 213 323 rel
229 281 349 334 σπουδάζειν
369 282 453 324 orationi
469 280 583 337 attingenda
606 296 641 336 pro
657 279 742 321 libidine

27 369 90 418 augunt
106 367 125 400 ct
145 359 250 413 manifesto
264 358 365 413 produnt,
381 373 401 399 sc
421 358 442 398 in
462 358 567 413 desperata
587 358 660 398 versari
676 371 741 398 cansa,

28 435 88 490 Quod
103 435 158 477 haud
171 434 232 476 dubie
245 433 305 475 etiam
321 432 411 489 prodidit
418 448 530 484 rannusms,
544 447 626 474 muium
640 432 661 472 in
674 431 743 472 meritc

29 511 120 554 habuisse
141 512 196 553 aiens
212 526 300 553 consoni
321 525 403 552 cunrsrr
425 510 495 558 tueri,⁸
511 508 545 550 sed
564 508 677 565 generatim
692 506 742 547 illud

28 586 158 642 expressisse,
179 594 202 627 ut
219 585 315 628 continuo
330 584 433 642 sigillatim
449 591 469 625 ct
482 597 519 639 pcr
535 591 602 638 partes
618 596 745 639 proponere-

29 671 68 704 tur.
98 662 221 717 Nuperrimc
235 676 371 703 nnrrnmsrus
386 658 494 702 dictumvi
504 658 555 715 ὑπὲρ
568 662 659 715 Χριστοῦ
673 657 744 699 eodem

30 738 100 787 modo,
117 752 140 779 ae
156 751 220 793 prope
234 736 358 792 praecedens
370 736 396 778 ro*
408 736 452 792 περὶ
465 734 532 787 ὑμῶν,
547 733 689 789 explicandum
703 748 745 774 esst·

29 812 107 864 statuit,
130 820 154 853 ut
176 812 212 853 sitii
233 812 321 854 voluerit
339 817 410 853 auctor
424 809 482 868 quod
496 811 574 851 attinet
588 809 620 850 ad
632 823 743 850 ennrsrun,

32 891 97 944 Atque
109 887 159 930 hacc
174 888 274 929 sententia
290 887 333 929 aliis
348 887 389 927 iam
403 894 450 927 ante
462 886 539 941 placuit
553 885 606 926 bcne
614 885 690 927 multis.
706 885 744 925 Sat

30 971 52 1003 ut
68 962 192 1017 praesidium
204 977 246 1003 non
261 961 323 1003 hahet
338 961 359 1001 in
375 961 442 1002 verbis
457 961 483 1004 roi
495 964 539 1018 περὶ
552 963 622 1016 ὑμῶν,
638 949 744 1017 quaecum

31 1037 128 1092 superiori
143 1035 221 1079 ἀκούσω
236 1036 376 1077 connectenda
391 1051 433 1077 esse
448 1036 547 1086 vidimus,
561 1037 589 1078 sio
603 1036 652 1077 ferri
667 1036 745 1091 nequit.

31 1112 67 1152 nisi
80 1126 127 1153 cum
142 1126 275 1161 carmasino,
292 1119 311 1152 et
326 1110 410 1166 quidem
425 1110 467 1152 sine
484 1126 552 1161 causa,
570 1103 672 1161 sumatur,
686 1111 746 1151 Prac-

31 1187 152 1242 positionem
159 1187 210 1244 ὑπὲρ
223 1202 261 1242 pro
269 1188 313 1243 mot
325 1186 421 1241 scriptam
431 1201 479 1228 csse.
493 1187 535 1227 Nec
543 1186 746 1241 praetermittendum

32 1271 71 1312 cst,
88 1262 142 1304 huno
158 1263 218 1304 etiam
232 1263 254 1303 in
269 1263 338 1303 locum
353 1262 456 1317 ingratam·
469 1262 574 1316 importari
583 1261 746 1304 redundantiam.

32 1339 46 1378 si
60 1337 138 1379 dictum
153 1337 193 1379 tale
205 1337 290 1379 orationi
304 1337 410 1379 inseratur.
427 1337 492 1378 trinus
507 1352 554 1378 sanc
567 1335 747 1392 reprehendendus

34 1413 83 1455 inihi
103 1413 183 1455 ridetur
204 1429 305 1465 onorius,
326 1414 443 1470 quinimo
459 1421 527 1469 aperte
544 1413 695 1455 Pleonasmzun
709 1412 749 1452 tri-

34 1490 87 1542 buit,
110 1489 201 1546 quamvis
220 1504 246 1531 ne
260 1489 314 1531 hano
331 1504 414 1545 quoquc
429 1489 550 1530 sententiam
565 1488 691 1544 probandam
707 1501 749 1528 csse

32 1573 93 1620 puto,
109 1565 148 1606 nisi
163 1580 187 1606 ea
201 1565 352 1606 correctionem
366 1565 442 1606 subeat.
465 1565 529 1620 Atqui
542 1564 603 1606 huius
618 1562 748 1606 correctionis

29 1639 160 1690 ,adhibendae
172 1640 226 1681 riam
240 1639 391 1696 quodammodo
406 1655 515 1691 sronnrus,
532 1654 688 1689 rmrnnrcnsrus,
702 1654 749 1679 mr-

34 1730 92 1765 ums,
116 1727 280 1764 nnrrrwanous,
304 1724 323 1757 ct
344 1716 409 1756 multo
428 1723 476 1757 ante
499 1731 611 1758 CORNELIUS
630 1732 644 1756 n
666 1729 750 1763 maror,

33 1804 187 1840 snrcnrmcrus,
200 1805 303 1841 nrrnsms,
319 1805 418 1832 coeamus
431 1798 581 1832 monstrarunt:
598 1804 687 1847 quorum
703 1804 751 1831 oon-

34 1866 82 1907 siliis
97 1865 188 1915 adiutus,
204 1865 271 1907 dicam
286 1866 341 1922 quod
357 1866 428 1908 sentio.
459 1870 537 1908 Auctor
551 1866 636 1908 lectores
656 1880 712 1915 suos,
729 1872 752 1905 ut

35 1941 133 1990 vidimus,
150 1940 231 1982 monuit
246 1956 316 1996 supra,
332 1942 348 1981 si
363 1941 417 1982 firmi
432 1948 452 1982 ct
465 1941 553 1982 interriti
568 1948 645 1982 starent
660 1940 682 1981 in
696 1939 751 1988 fide,

37 2017 99 2058 talem
111 2016 165 2057 hanc
180 2031 222 2057 esse
238 2017 383 2068 constantiam,
399 2025 423 2058 ut
439 2017 533 2059 divinitus
547 2024 646 2073 tanquam
661 2015 753 2058 adversa-

38 2091 72 2131 riis
87 2105 158 2131 corum
172 2089 296 2145 perniciem,
306 2092 329 2132 iis
343 2106 390 2133 vero
399 2093 484 2134 salutem
496 2099 638 2149 auguraretur.
656 2091 700 2133 Iam
709 2106 754 2148 gra-

37 2181 72 2216 re,
90 2180 130 2221 quo
145 2164 198 2206 illud
213 2165 378 2217 confirmaretur,
394 2174 538 2224 argumentum
546 2160 573 2207 'in
587 2180 611 2207 eo
628 2172 683 2215 erat,
699 2165 754 2221 quod

37 2243 79 2297 ipse
94 2241 149 2281 Deus
166 2240 323 2299 Philippenses
337 2241 363 2282 ad
375 2242 451 2283 atrocia
465 2243 547 2297 quaeris
561 2241 646 2282 ririliter
660 2239 754 2295 patienda

38 2323 150 2359 vocaverat.
181 2315 224 2357 Hoc
246 2316 309 2373 igitur
329 2331 386 2358 nunc
408 2316 473 2357 utitur
489 2330 575 2368 pannum
594 2330 633 2357 nec
647 2329 695 2356 vero
710 2315 755 2356 satis

39 2391 100 2433 hahet
119 2391 143 2432 iis
161 2391 288 2433 vocationem
309 2392 366 2434 iilam
381 2407 507 2448 proponere,
522 2391 556 2433 sed
570 2390 658 2432 scrihere
672 2391 755 2445 incipit,

39 2467 164 2523 singularem
183 2466 206 2506 in
226 2466 262 2508 illa
283 2467 352 2518 cerni,
375 2481 438 2523 quem
457 2466 511 2507 Deus
533 2466 556 2507 iis
570 2466 705 2521 praestiterit,
724 2465 757 2506 fa-

40 2557 118 2583 vorem.
149 2541 206 2584 Nam
228 2543 299 2593 cotis,
324 2543 361 2593 ait,
379 2544 450 2600 favor
471 2542 510 2582 ille
528 2546 654 2599 praestitus
674 2546 717 2595 est,
733 2545 758 2580 ot

39 2632 81 2675 pro
96 2632 197 2669 cunrsro,
218 2626 238 2659 ct
252 2617 340 2660 adiicere
352 2618 396 2659 ruit
411 2619 496 2659 atrocia
514 2621 604 2674 quaevis
617 2618 756 2676 pateremini,

40 2690 79 2732 sed
96 2707 117 2731 sc
132 2692 259 2735 adiecturum
276 2694 341 2744 ridet,
358 2693 425 2749 quod,
442 2693 533 2749 qrramris
546 2694 664 2750 frequenter
671 2691 722 2734 illud
736 2692 756 2732 iu
