1650 2790
13 80 39 119 tit}
202 89 245 115 car.
258 74 273 115 l.
289 88 345 115 'ronst
358 78 382 124 9,
400 75 437 123 lo,
452 76 485 123 11,
501 76 533 114 12.
582 78 587 98 ⁸

11 200 67 251 Dei,
90 213 116 240 ne
135 211 283 252 supervacanea
303 198 353 249 sint,
372 199 466 240 connecti
480 197 555 238 debent
571 211 620 238 oum
635 196 727 252 proxime

12 273 192 332 praecedentibus,
207 280 230 313 ut
243 273 265 314 in
280 273 328 315 luce
343 273 444 316 colloeent
458 272 600 329 praestantiam
609 274 727 323 fructuum,

14 364 103 408 quorum
116 348 196 404 copiam
210 349 276 403 sperat
289 348 396 403 Apostolus
410 349 463 400 fore,
473 356 495 389 ut
506 363 544 404 per
554 363 659 390 cumsrun
669 348 728 390 sz'-

14 428 124 482 leptpenses
138 423 229 466 afferant.
260 423 358 465 Similiter
371 438 426 464 rusus
440 423 489 464 dixit
501 423 579 466 [aaran.
595 424 643 468 XV:
658 427 681 466 8:
697 423 728 467 Ἐν

13 497 78 558 τούτῳ
92 492 196 555 ἐδοξάσθη
207 499 218 540 ὁ
230 494 302 554 Πατήρ
316 514 369 551 μου,
381 499 415 540 ‘lvo
429 497 504 556 zopnda
518 499 582 542 uelde
591 498 668 557 φέρητε.
694 499 729 541 Sic

14 583 83 617 autem
107 574 190 616 effectus
212 572 316 628 probitatis
332 571 466 624 Christianae,
488 573 513 615 ad
534 589 566 615 eos
585 574 610 616 ab
625 574 729 617 effectibus

14 650 180 693 Plrarz'soez'smz'
195 647 357 703 distinguendos,
379 657 533 704 proponuntur,
548 650 658 704 quodiam
673 650 729 692 ride-

14 732 63 766 runt
79 737 250 772 cunrsosronus,
271 737 400 765 oecumenius
416 723 490 780 aliique
504 724 600 774 Veteres,
620 724 682 767 verba
696 733 729 768 ta-

14 814 62 841 men
81 800 247 855 interpretantes,
271 813 295 840 ac
314 799 330 839 si
352 799 460 855 scripsisset
473 807 543 841 auctor
562 805 598 856 τῆς
615 801 650 842 did
661 804 729 856 Ἰησοῦ

14 878 111 931 Χριστοῦ.
137 876 207 916 Unum
220 874 292 929 quaeri
306 874 368 929 possit
384 878 432 916 cuni
445 889 552 925 soumzro,
570 883 640 916 utrum
656 875 694 917 bac
707 876 729 916 in

16 950 106 991 oratione
123 965 198 991 rannus
214 950 262 991 sitia
274 950 372 1005 tetigerit,
387 964 444 1009 'quae
459 950 501 991 iarn
516 950 538 991 in
551 950 730 1009 Plrilzppensidus

15 1024 182 1080 reprehendenda
197 1030 272 1074 essent,
287 1038 313 1065 an
329 1038 400 1066 cavere
413 1022 494 1066 tantum
507 1027 605 1076 voluerit,
620 1042 646 1068 ne
659 1028 681 1069 in
693 1043 730 1083 po-

14 1107 92 1140 sterum
114 1106 232 1155 peccarent:
256 1098 291 1139 sed
310 1099 343 1139 vix
358 1106 393 1140 aut
408 1114 434 1140 ne
449 1100 481 1140 rin
497 1101 581 1157 quidem
597 1102 730 1152 crediderim,

14 1175 74 1215 illum
90 1175 218 1216 incrementa
233 1174 353 1230 cognitionis
369 1182 389 1216 et
403 1190 483 1226 sensus,
500 1176 574 1231 quibus
587 1178 691 1232 probanda
705 1180 731 1221 ab

15 1248 153 1304 improbandis
168 1248 320 1298 discernerent,
337 1248 444 1306 studiaque
458 1249 578 1307 integritatis
594 1253 702 1296 servandae
711 1263 731 1296 et

16 1324 103 1366 neminis
125 1324 149 1366 ad
168 1322 296 1380 peccandum
312 1323 427 1374 alliciendi,
443 1324 552 1366 lectoribus
568 1328 608 1368 suis
624 1336 731 1385 exoptatu-

16 1413 62 1439 rum
77 1399 149 1448 luisse,
171 1398 209 1439 nisi
223 1400 296 1439 ‘eorum
312 1406 367 1440 certe
383 1400 477 1441 nonnulli
492 1401 533 1442 iam
548 1403 597 1444 tales
613 1413 692 1454 essent,
708 1413 732 1446 ut

16 1475 57 1516 leni
71 1473 210 1515 admonitione
224 1473 347 1530 indigerent.

323 1624 379 1650 runs.
396 1612 429 1651 12.

47 1701 94 1741 Post
106 1698 162 1741 hunc
177 1700 277 1755 Epistolae
292 1700 398 1741 introitum
413 1716 488 1745 raucus
498 1705 628 1761 progreditur
638 1707 663 1749 ad
678 1707 733 1750 Pti-

18 1776 128 1831 loppenses
151 1774 287 1816 sollicitudine
306 1783 325 1816 et
340 1783 397 1817 metu
419 1777 544 1829 liberandos,
566 1781 640 1836 quibus
654 1783 732 1825 animos

18 1865 90 1891 eorum
105 1850 199 1893 affecerat
214 1851 321 1907 cogitatio,
337 1851 404 1906 ipsum
421 1851 503 1894 Romae
518 1855 540 1895 in
548 1856 634 1898 vinculis
644 1872 692 1901 esse.
708 1860 734 1901 Et

18 1926 109 1990 primum
125 1926 208 1982 quidem
223 1926 332 1967 lectoribus
348 1926 457 1969 salutarem
472 1938 540 1971 narrat
556 1933 673 1987 captivitatis
686 1949 734 1977 suae

19 2001 120 2042 effectura.
151 2004 173 2044 Γ
171 2004 257 2044 crotonae
272 2000 305 2052 δὲ,
320 2001 399 2057 iuquit,
414 2003 469 2057 ὑμᾶς
476 2003 582 2059 βούλομαι,
591 2006 695 2065 Ἀδελφοὶ,
704 2004 735 2053 ὅτι

18 2074 45 2118 vd
67 2074 109 2117 κατ’
129 2075 165 2128 ἐμὲ
188 2079 265 2128 μᾶλλον
289 2077 315 2124 εἰς
336 2077 489 2133 nomenclatori
503 2079 615 2137 edoyyallov
629 2082 735 2141 ἐλήλυθεν.

18 2149 86 2192 Verba
101 2147 127 2191 cd
142 2149 183 2192 κατ’
198 2149 235 2203 ἐμέ
248 2149 360 2206 significare
375 2169 430 2209 quae
441 2155 497 2196 metz·
508 2157 635 2199 acciderunt
648 2161 681 2201 vel
697 2176 734 2203 res

17 2240 92 2275 meas,
108 2224 224 2266 luculenter
239 2233 321 2281 apparet
337 2241 360 2267 er
376 2228 436 2284 Epo.
452 2230 493 2274 VI:
510 2233 545 2274 21.
564 2232 609 2276 Col.
625 2235 664 2278 IV:
681 2237 701 2286 7,
710 2244 734 2278 ut

18 2301 89 2342 contra
104 2314 186 2341 numen
200 2307 245 2356 post
260 2300 309 2343 alios
324 2301 377 2344 bene
391 2306 472 2347 monuit
484 2321 627 2350 nnuuncnsrus
637 2307 676 2368 (1).
692 2310 734 2353 Ad-

17 2375 111 2416 verbium
125 2375 257 2429 petlovvsire
273 2378 380 2432 exponitur
395 2383 469 2438 magis
483 2397 547 2439 quam
556 2385 605 2441 qua-'s
613 2389 735 2441 pzetaeerz't,

18 2464 54 2491 seu
70 2453 156 2508 magis,
172 2466 238 2508 quam
253 2454 275 2493 si
287 2468 330 2494 non
343 2455 475 2498 aoez'dessent
487 2459 551 2512 milri,
568 2474 603 2501 seu
617 2463 691 2520 arogis
700 2463 733 2505 vel

40 2621 65 2666 (1)
77 2623 137 2656 Similia
153 2636 172 2656 ex
184 2626 276 2658 Graecorum
289 2627 334 2659 libris
348 2631 457 2668 congesserunt
469 2633 540 2666 nuntiis,
556 2628 622 2661 Ohsorv.
637 2630 699 2661 Potior.
714 2630 733 2661 ad

17 2684 35 2715 li.
46 2684 59 2717 1.
82 2685 150 2718 Rarum.
161 2694 210 2719 urin.
223 2696 300 2720 wetsten.
313 2689 332 2720 ad
344 2690 388 2729 Epio.
402 2688 435 2720 Vl:
447 2689 474 2719 21.
487 2689 553 2719 Vrecuus
565 2700 581 2731 p,
594 2692 610 2721 6.
