1650 2790
263 66 307 92 cir.
323 52 339 93 I.
357 54 412 92 runs.
429 53 467 99 25,
485 53 520 92 26.
711 51 747 91 nt}

40 181 134 236 καύχησις
146 178 172 218 in
189 177 282 220 Genitivo
299 176 442 231 postpositum,
459 153 555 216 denotare
569 170 619 213 soIet
636 184 696 220 enni,
713 173 754 226 qni

37 256 162 316 glorintnn,
181 252 211 294 uti
229 253 239 292 1
262 251 311 295 Gor.
329 251 354 294 V:
373 254 393 293 6.
411 252 423 291 2
440 249 490 294 Gor,
505 250 524 291 I:
542 251 578 299 12,
595 249 628 289 14,
642 246 700 290 Vffl:
715 247 750 287 24.

24 321 77 373 ¹IX:
94 332 114 371 3.
139 327 198 370 Haud
215 327 276 369 dubie
293 327 346 369 bene
361 341 382 368 sc
398 325 460 368 babet
475 326 622 381 plerorumque
640 320 750 370 sententia⁷

37 405 191 463 gleiiotionem
203 400 378 461 Philippensium
390 401 486 457 praedici.
509 400 553 440 Iam
566 399 675 440 insolenter
688 398 751 439 verbo

39 475 151 537 περισσεύῃ,
162 476 264 519 adiectum
283 485 312 519 est
331 480 352 521 ἓν
370 480 453 535 Χριστῷ
470 474 539 531 Ἰασοῦ
558 475 579 515 iv
598 473 653 526 ἐμοί,
673 473 689 513 si
706 487 750 514 rem

39 555 164 596 Graecorum
176 568 215 595 usu
226 554 333 606 metimur3
347 550 505 593 Hellenistarum
518 562 566 589 nero
578 548 656 588 ratione
670 543 749 598 habita,

39 644 79 670 non
91 629 146 671 item.
168 629 195 669 Hi
208 629 273 679 enim,
287 627 313 669 ad
323 626 464 668 Hebraeorum
476 622 671 679 breviloquentiam,
686 637 749 664 enun·

38 704 127 754 ciationi,
141 703 314 759 aPraepcsitionc
326 701 348 742 ἐν
361 697 578 755 ιιισιρισιιιιχειιιιιισιιι
591 697 689 739 continuo
702 696 751 739 adii-

1 766 3 771 ,
37 779 94 820 ciunt
105 778 130 820 ad
141 778 261 828 dicendum,
275 775 331 833 quod
344 774 374 816 itti
386 774 479 830 pluribus
492 772 563 815 dicunt
577 772 643 813 verbis
657 780 676 813 et
685 773 750 829 magis

38 853 148 908 perspicue.
178 852 275 908 Exemplo
292 850 350 892 nobis
369 864 418 891 cum
434 847 522 890 maxime
535 849 559 889 sit
576 846 621 890 Cot.
634 847 664 889 H:
680 850 699 898 7,
715 848 750 889 ubi

38 928 97 968 verba
113 924 256 983 περισσεύοντες
274 926 296 968 ἒν
315 924 368 982 αὐτῇ
386 925 408 967 ἐι
425 922 540 981 εὐχαριστίᾳ
552 922 643 974 docent,
663 930 752 979 utroque

37 1003 80 1042 loeo
96 999 269 1055 Praepositionem
284 1014 296 1040 a
310 998 372 1040 verbo
386 997 477 1053 pendere
494 995 531 1055 (1).
563 997 624 1050 Quod
639 997 656 1038 si
668 997 751 1040 adhibe-

37 1092 81 1118 mus
95 1075 121 1118 ad
134 1090 194 1117 nsum
210 1074 299 1125 dictum,
318 1088 359 1130 quo
372 1087 429 1115 nunc
443 1087 579 1129 occupamur,
597 1072 751 1129 explicandum,

36 1154 76 1192 iam
101 1151 169 1192 statim
192 1148 316 1200 videbimus,
340 1148 480 1204 nequidquam
502 1163 573 1203 agere,
596 1149 632 1204 qui
652 1163 711 1191 voces
730 1152 752 1192 ἒι

38 1227 117 1283 Χριστῷ
130 1224 197 1280 Ἰησοῦ
210 1223 319 1274 teudeiam,
337 1230 361 1264 ut
375 1237 423 1265 cum
438 1222 606 1278 praecedentibus
620 1221 643 1266 τό
656 1220 752 1278 καύχημα

35 1300 92 1351 ὑμῶν
110 1305 264 1340 connectantur.
296 1297 375 1339 Deinde
394 1297 482 1345 collatis,
501 1311 554 1353 quae
571 1311 631 1352 snpra
650 1297 676 1338 ad
693 1312 721 1338 rs.
739 1301 752 1340 9

35 1373 186 1429 disputavimus,
195 1373 257 1414 cuivis
266 1372 326 1414 facile
336 1370 498 1428 persuadebitur,
509 1379 614 1414 auctorem
624 1372 751 1415 incrementa

36 1462 77 1488 non
95 1446 209 1503 siguificare
226 1449 262 1489 τοῦ
281 1443 421 1501 καυχήματος,
439 1445 474 1487 sed
494 1446 547 1496 eius,
567 1446 623 1502 qnod
641 1462 683 1489 una
703 1462 751 1489 eum

35 1521 184 1576 Praepositione
193 1520 255 1561 uerbo
268 1520 383 1562 subiectum
397 1527 432 1562 est.
462 1520 506 1561 Iam
519 1536 579 1572 vero,
593 1536 641 1564 cum
651 1523 750 1579 loquendi

36 1610 82 1636 usus
101 1595 195 1637 dubitare
213 1609 255 1636 non
273 1594 335 1645 sinat,
355 1594 407 1651 quin
426 1594 541 1637 subiectum
559 1595 611 1638 ittud
630 1599 652 1639 ἓν
669 1602 753 1658 Χριστρῖ

34 1671 98 1726 Ἰησοῦ
111 1670 166 1711 idem
178 1671 243 1711 valeat
256 1677 318 1726 atque
330 1671 354 1711 in
367 1672 511 1713 communione
524 1684 608 1712 uumsm
619 1685 671 1723 msu,
684 1673 751 1728 sequi-

37 1751 79 1793 tur,
98 1744 135 1784 sibi
152 1744 204 1785 velle
218 1744 348 1799 Apostolum:
363 1750 388 1786 ιιι
402 1748 524 1787 οσιιιιιιιιιιιο
542 1760 626 1788 cunrsrr
640 1761 695 1797 ruso,
711 1761 751 1802 qua

35 1832 68 1858 sos
85 1817 239 1875 Philippenses
257 1819 349 1869 utimini,
367 1822 500 1862 incrementa
516 1823 603 1879 σαριίαι,
624 1829 645 1863 ct
667 1821 749 1877 quidem

36 1899 58 1932 ut
67 1891 132 1933 baec
126 1899 242 1934 mcrement
243 1908 254 1935 a
234 1893 313 1935 todi
304 1893 416 1936 laudationi
410 1908 450 1936 iem
460 1901 546 1938 vestine
556 1897 637 1938 toenia
614 1898 675 1947 rans,
686 1912 751 1954 qnam

36 1969 59 2007 in
79 1967 135 2011 Cleri
134 1968 243 2009 ntnota
224 1971 264 2009 etis
279 1965 320 2026 (2),
336 1969 442 2011 accedant
457 1985 543 2027 eamque
557 1979 630 2014 οιιιοιιι
643 1979 663 2014 et
675 1974 751 2028 aniplr

38 2041 102 2084 fioent.
128 2044 172 2084 Hoc
186 2050 220 2084 au
222 2057 254 2084 em
267 2050 308 2098 op
302 2059 346 2095 ms
360 2051 419 2085 uti
395 2046 419 2084 in
433 2059 456 2085 se
470 2047 523 2102 (ἐν
513 2048 566 2103 spot)
580 2048 625 2099 fiat,
635 2047 687 2089 nihil
679 2048 751 2101 Iaiiud

37 2123 70 2169 op
71 2131 105 2158 me
112 2117 173 2159 videt
166 2125 198 2158 tur
204 2124 328 2173 ‚utquam
311 2133 365 2159 ιι
359 2126 486 2161 crementur
488 2135 523 2161 ιιαι
541 2137 610 2164 enimn
623 2126 646 2164 in
664 2138 687 2164 se
702 2138 751 2164 oei—

36 2197 80 2232 ιιοιι
74 2206 111 2241 ιιι,
129 2193 160 2234 vel
177 2198 201 2234 αι
217 2195 264 2250 ipse
280 2194 318 2236 ιιοσ
330 2195 381 2250 foci
375 2197 419 2254 int.
436 2195 611 2251 quemadmodum
627 2199 649 2239 iu
663 2198 718 2254 Epist
711 2200 751 2240 ιιοιι

37 2284 205 2294 ῃ

59 2337 81 2381 (I)
94 2340 129 2372 Atta
139 2345 206 2385 reperiri
217 2352 281 2387 possunt
293 2346 363 2389 exempla
375 2346 418 2378 nen.
431 2348 458 2378 IX:
471 2349 497 2378 10.
510 2348 555 2379 XIII:
567 2348 583 2378 6.
596 2350 642 2380 Itoni.
655 2349 668 2379 I:
679 2349 696 2381 9.
704 2349 749 2391 Epo.

36 2399 49 2428 I:
58 2399 74 2430 3,
86 2401 156 2435 Testem.
166 2404 202 2437 IIII.
211 2407 307 2438 Putrinrcb.
314 2407 355 2450 apud
361 2416 420 2438 ιιιιιισ,
430 2408 469 2439 Con.
478 2409 558 2450 Pscndcp.
567 2409 586 2440 V.
593 2409 610 2440 Τ.
618 2408 654 2440 Vol.
662 2410 675 2441 Ι.
684 2421 700 2452 p.
710 2411 750 2442 539.

58 2459 81 2502 (2)
96 2460 143 2492 Nemo
158 2464 204 2497 facile
219 2467 283 2509 negabit
295 2469 396 2510 gloriatione
408 2467 440 2500 dici
452 2469 567 2500 institutionem.
592 2470 612 2500 Et
624 2471 675 2501 buiris
687 2471 750 2517 quidem

37 2521 120 2552 beatitatis
135 2523 239 2559 laudationem
254 2531 313 2561 auctori
327 2531 343 2560 in
356 2536 406 2561 mente
419 2529 475 2566 ruisse,
487 2530 589 2572 inteIIIgimus
601 2542 620 2562 ex
632 2532 701 2564 oratione
713 2546 751 2567 oon-

37 2587 87 2623 texta,
99 2582 140 2615 undo
151 2585 232 2619 formulam
244 2591 265 2623 τὸ
278 2591 364 2636 καύχημά
373 2604 430 2632 τινος,
442 2591 511 2625 absolute
523 2594 598 2635 positam,
610 2593 711 2637 supplendam
720 2608 750 2629 esso

37 2644 120 2676 ostentum
130 2646 159 2677 lori
171 2648 229 2680 similes
241 2653 249 2681 1
266 2653 302 2684 θοι,
315 2654 334 2684 I':
348 2655 364 2685 o,
376 2654 403 2685 IX:
417 2655 443 2685 15.
456 2660 485 2685 cet.
