1650 2790
332 54 446 81 [sanemus.
720 41 745 82 17

35 173 84 213 iores
101 174 197 223 perpetuo
213 178 330 221 progressus
344 163 428 213 taniam,
445 171 484 204 tam
499 165 518 204 in
528 164 570 205 veri
579 163 669 218 rectique
679 177 746 212 sensu,

34 258 94 301 (pram
117 244 138 282 in
161 241 215 282 omni
236 239 309 295 pietate
325 246 344 278 et
359 238 438 279 virtute.
451 254 479 280 rs.
497 242 558 282 9-11.
589 239 624 280 His
640 239 747 294 propositis

35 322 118 361 lectores
135 316 189 373 gravi
206 329 255 355 eura
271 321 290 355 et
306 312 440 356 sollieitudine
456 314 527 355 liberat
539 315 651 365 narranda,
661 313 748 369 eaptivi-

35 402 95 435 tatem
109 406 166 433 suam
180 391 207 431 rei
225 388 346 431 Christianae
358 390 425 430 minus
439 403 513 431 nocero
529 403 591 443 (paam
603 389 710 443 prodesse,
728 395 748 429 et

34 481 156 524 quamquam
179 466 222 506 sitsi,
239 465 310 505 metius
332 465 356 504 sit
378 465 430 504 mori
450 478 513 518 quam
530 464 609 513 rivere,
627 463 663 503 sibi
679 472 747 504 tamen

36 556 151 600 persuasum
172 555 213 582 esse
233 543 286 589 fore,
302 546 325 579 ut
342 537 366 579 ad
385 553 494 579 eonnnune
512 538 589 579 honum
605 538 696 594 periente
713 554 748 580 ca—

37 619 81 673 pitis
94 617 189 672 eripiatur
204 617 269 670 iisque
286 613 387 655 reddatur.
403 627 429 654 rs.
445 615 519 656 12-26.
549 613 602 654 Huic
617 621 684 655 autern
700 628 751 655 eon-

37 693 128 734 sotationi
148 691 307 733 admonitionem
326 688 484 738 adiicit,‘snrrm
500 688 525 730 ad
541 689 657 745 exemplum
672 689 751 730 fortiter

38 776 57 809 et
74 766 209 810 communiter
225 772 294 806 eontra
310 764 431 805 adversarios
447 778 529 805 cnrrsrr
546 763 640 805 standum
653 771 752 820 etperse—

40 842 149 883 verarrdum
165 855 205 880 esse
221 840 242 880 in
257 838 297 880 fide
312 839 402 880 moribus
417 839 527 888 illustrata,
544 839 599 880 irride
614 840 656 894 ipse
674 847 694 880 et
707 838 753 881 Bo-

38 931 95 968 moe,
112 923 132 956 et
147 914 261 972 Ptttz'ppts
277 929 349 970 capere
364 915 435 969 possit,
452 914 525 970 dequo
535 914 627 971 gaudeat.
637 930 664 957 rs.
675 917 752 958 27-30.

40 994 81 1033 iam
96 990 145 1032 irino
161 990 221 1032 facile
236 998 370 1046 transgressus
384 989 408 1031 ad
423 988 610 1045 reprehendendam
626 984 752 1046 superbiam,

41 1066 187 1122 arrogantiam,
203 1079 275 1106 stanam
291 1065 365 1121 gloriae
378 1064 517 1120 cupiditatem,
534 1065 608 1120 quihus
621 1065 665 1106 lites
675 1073 694 1105 et
703 1080 754 1107 eon-

42 1142 138 1182 tentiones
153 1141 234 1181 exoitari
249 1139 364 1189 audivisset,
381 1148 458 1181 montes
475 1140 566 1181 omnium
582 1139 607 1181 ad
621 1141 700 1182 illustre
715 1141 756 1182 eri-

43 1218 71 1274 git
86 1215 223 1271 spectaculum
241 1215 292 1257 sitae
305 1230 400 1265 cnarsrr,
413 1216 470 1258 onius
484 1215 627 1271 contemplatio
635 1215 755 1258 modestiam

42 1293 111 1342 (lueet,
128 1292 214 1333 caritatis
229 1299 312 1333 nrutuae
325 1293 451 1347 aliarumque
459 1292 557 1333 virtutum
565 1299 663 1348 tanquam
670 1300 756 1335 matrem

43 1377 63 1409 et
77 1368 183 1409 matricem.
201 1382 244 1423 cap.
259 1368 288 1408 H:
307 1369 366 1408 1-11.
390 1367 563 1407 Rernuneratione
578 1375 646 1409 antem
663 1364 756 1415 cunrsrr,

43 1458 95 1497 qnae
116 1442 250 1484 obedientiam
270 1443 312 1483 eius
328 1450 395 1484 secuta
414 1450 455 1491 est,
473 1451 642 1492 commemorata,
659 1443 756 1502 Ptz‘o'p-

39 1534 119 1578 penser
137 1518 253 1560 adhortatur
269 1518 294 1560 ad
309 1518 362 1560 trano
375 1532 457 1573 qaroepre
467 1516 609 1568 obedientiam,
624 1519 666 1559 sine
678 1520 758 1574 impro—

46 1595 125 1635 batione
146 1594 246 1634 iussorum
265 1594 301 1634 Dei
317 1601 351 1634 aut
367 1592 524 1649 disceptatione,
541 1593 634 1650 religiose
653 1601 760 1649 praestan-

45 1670 104 1717 dam,
126 1676 148 1709 ut
170 1669 284 1725 integritate
305 1684 339 1710 sua
355 1683 378 1709 ao
395 1669 523 1724 simplicitate
536 1677 633 1725 tanquam
647 1670 724 1712 lumina
739 1671 758 1711 in

47 1745 133 1785 tenebris
146 1742 274 1799 splendeant,
291 1744 368 1799 sibique
383 1744 482 1801 gloriandi
497 1759 578 1786 oausam
593 1744 678 1785 afferant
691 1744 715 1787 ad
724 1746 761 1786 tn—

46 1818 93 1860 dioii
109 1820 197 1872 supremi
212 1818 272 1859 etiem.
287 1834 314 1860 vs.
331 1821 405 1860 12-1o.
437 1820 489 1859 'ium
510 1834 542 1860 eos
556 1819 644 1874 gaudere
660 1820 729 1870 iubet,
746 1822 761 1860 si

47 1902 93 1935 ante
109 1894 163 1935 diem
176 1894 248 1942 illum,
266 1901 285 1935 ot
299 1894 329 1934 his
342 1894 425 1948 quidem
445 1909 468 1934 ex
484 1895 582 1943 sinordis,
597 1895 622 1936 ad
639 1896 762 1951 supplicium

48 1970 140 2011 rlrroatur.
154 1984 181 2010 rs.
197 1971 230 2017 17,
249 1972 282 2012 18,
300 1969 338 2010 Sed
354 1983 410 2024 spem
427 1978 494 2011 tamen
508 1960 595 2012 ostendit
609 1973 662 2022 fore,
678 1981 700 2014 ut
714 1973 763 2013 hre-

51 2047 66 2084 n
87 2060 223 2093 rruornnuu,
245 2045 281 2085 sibi
302 2043 368 2085 adhue
383 2045 529 2094 neeessariam,
545 2045 664 2105 Philippos
683 2047 764 2092 mittere

50 2129 69 2162 et
84 2123 125 2176 ipse
143 2121 201 2176 paulo
219 2128 273 2174 post,
291 2136 314 2160 ex
331 2120 445 2175 captivitate
460 2120 562 2170 liberatus,
577 2122 626 2164 illue
641 2123 764 2178 renirepos-

51 2198 81 2238 sit.
100 2213 125 2238 rs.
144 2198 219 2239 19-24.
250 2196 329 2237 interea
344 2211 364 2235 se
379 2210 538 2236 nastnuaonrrun
554 2197 630 2237 misisse
646 2199 685 2244 ait,
707 2197 764 2238 rante

52 2287 99 2312 erim
116 2271 272 2318 eorninendans,
294 2279 364 2325 utpote
381 2270 458 2318 viram,
474 2270 499 2310 de
514 2286 572 2312 eausa
590 2287 673 2312 onmem
690 2273 765 2326 optime

52 2347 147 2387 meritum
163 2348 228 2403 iisque
245 2348 327 2387 omnino
344 2346 434 2406 (deditum
451 2353 512 2400 atque
527 2346 628 2387 derotrnn.
644 2362 670 2387 ss⁴
688 2350 766 2389 25-30.

54 2422 94 2461 tam
115 2423 135 2462 in
157 2424 276 2463 tarentasiam
299 2422 349 2463 redit
372 2412 477 2463 homnium
495 2421 618 2463 trulaismrun
635 2423 766 2465 iaetantium:

52 2511 115 2552 quare
132 2497 290 2557 Philippenses
305 2499 388 2548 excitat,
404 2506 439 2547 ut,
459 2497 483 2538 de
497 2498 557 2539 tritius
574 2513 656 2539 surarsrr
674 2513 769 2540 eonnnn-

52 2573 112 2614 nione
137 2574 209 2629 garisi,
229 2574 264 2615 has
287 2581 414 2629 corruptores
433 2574 549 2623 observent,
573 2588 600 2618 ne
624 2588 633 2612 a
659 2574 688 2615 ria
712 2590 770 2615 arer-

56 2654 128 2691 tantur,
148 2663 191 2703 cap.
213 2650 253 2690 iii:
275 2654 293 2699 1,
310 2654 329 2691 2.
360 2649 438 2690 Diande
455 2649 478 2688 iis
493 2648 604 2699 botrorum,
625 2664 712 2704 qnorum
729 2652 770 2690 reri
815 2673 816 2676 =

650 2728 661 2752 o
