1650 2790
284 36 328 65 car.
344 24 379 65 111.
395 37 452 65 vans,
469 26 487 72 1,
504 24 524 64 2.
722 27 763 68 215

55 165 111 196 suam
124 148 221 190 scriberet
233 146 353 203 Epistolam,
369 154 404 187 aut
416 147 485 188 saltem
499 146 625 203 praevideret
639 150 691 199 fore,
707 157 730 190 ut
743 164 764 190 sc

55 225 110 271 brevi
123 224 162 265 hac
176 223 198 264 in
213 222 264 264 urhe
276 221 391 277 proderent.

83 299 169 343 Perveni
181 313 237 340 nune
249 312 282 348 eo,
298 305 322 338 ut
334 298 439 340 ostendere
451 299 536 354 possim,
555 315 655 355 quaenam
672 299 723 341 mihi
736 316 766 341 se-

0 391 3 394 *
57 378 93 420 ries
106 374 200 416 orationis
213 373 363 415 essevideatur,
393 373 496 416 Nimirum
508 389 584 416 suanus
596 375 630 416 hic
643 390 685 418 non
697 362 766 418 Phiio-

3 449 4 452 ’
56 450 165 509 sophorum
179 463 237 512 more
250 448 391 500 ratiocinatur,
413 450 458 501 sed,
475 457 578 491 oratorum
596 451 670 501 instar,
690 466 713 493 cr
726 465 766 507 pe·-

0 556 1 559 =
57 536 110 570 ctare
137 533 238 567 commoto
260 526 321 566 verba
343 524 431 566 animata
455 524 551 574 effundit,
574 524 605 565 uti
625 524 667 565 iam
693 540 764 580 supra,

56 603 116 644 etin
137 602 260 643 Pronomine
284 618 323 655 μου
345 591 475 654 appellationi
494 598 581 654 distant
599 598 689 641 subiecto
713 600 765 642 vidi-

57 693 112 727 mus,
128 686 148 719 et
159 679 181 719 in
193 678 224 719 his
236 677 321 732 repetito
333 675 395 716 verbo
407 673 497 729 βλέπετε,
512 681 531 715 ct
544 673 661 731 deniquein
672 690 710 717 usu
718 675 766 717 Pro-

57 753 132 803 verbii,
150 754 183 795 vel
196 759 250 794 certe
262 750 374 794 audacioris
389 749 443 792 vocis
456 746 521 799 idrag.
547 749 653 792 Praeterea
666 749 706 793 irco
724 766 768 792 ccr-

58 828 113 869 nitur
124 829 145 869 in
160 844 194 878 eo,
208 827 263 884 rpuod
276 826 343 868 versui
358 825 416 867 alteri
430 839 513 881 quoquc
525 824 581 866 deest
593 825 719 876 Coniunctio,
728 840 768 882 qua

59 917 106 944 cum
119 901 248 958 praecedenti
261 908 400 943 connectatur.
430 900 455 940 Et
468 913 516 940 vero
528 900 620 942 animum
633 902 711 957 gravius
724 901 770 957 agi-

21 974 22 980 *
57 986 123 1019 tatum
141 966 210 1032 prodit
228 975 351 1018 coacervatio
369 974 481 1028 dictorum,
498 976 572 1030 quihus
590 977 657 1032 primo
672 977 770 1031 adspectu

59 1044 136 1093 turbari
147 1052 227 1093 videtur
240 1051 334 1092 orationis
347 1050 477 1106 perpetuitas.
508 1050 562 1103 Quid
580 1052 658 1093 auctori
676 1046 770 1094 ardorem

58 1126 160 1177 iniecerit,
176 1126 261 1167 definire
275 1125 371 1182 equidem
383 1139 426 1166 uon
442 1126 516 1166 ausim:
528 1127 627 1167 memoria
638 1128 720 1169 fortasse
732 1126 768 1168 ho

59 1203 149 1252 minum,
166 1216 214 1243 cum
232 1200 320 1243 maxime
337 1200 375 1242 sibi
389 1208 409 1241 et
420 1197 508 1242 ouarsro
521 1200 690 1253 adversariorum,
709 1217 771 1258 quam

59 1277 147 1320 laudatio
159 1291 299 1319 rrarnnonrrr
312 1275 433 1319 excitaverit.
464 1275 515 1326 Sed,
529 1275 590 1318 huius
603 1277 678 1320 ardoris
692 1278 771 1334 plenus,

60 1352 237 1412 Philippensibus
254 1351 413 1394 admonitionem
430 1351 496 1402 dedit,
513 1352 529 1393 si
543 1367 587 1394 rem
600 1360 655 1395 recte
667 1353 772 1411 intelligo,

60 1427 101 1471 huc
114 1428 243 1470 redeuntem:
264 1426 378 1484 Quidquid
392 1442 441 1469 cero
457 1429 540 1486 agitis,
554 1428 651 1470 Fratres
668 1429 773 1473 Carissi-

62 1506 103 1553 mi,
122 1504 148 1544 de
163 1505 222 1545 dariis
234 1504 341 1560 gandete,
358 1518 415 1560 pirae·
430 1504 509 1547 clateris
525 1501 666 1545 conrntmiionr'
683 1511 773 1549 dunrsrr.

62 1577 133 1630 (Idem
153 1577 191 1619 troc
209 1582 251 1631 cst,
270 1579 330 1630 nori,
349 1582 415 1634 atpne
431 1578 500 1632 illud,
518 1578 576 1636 'qnod
588 1579 718 1635 praecedit;
736 1581 776 1621 scd

62 1653 135 1694 cadem
156 1654 213 1694 codis
231 1652 335 1702 scriderc,
357 1668 389 1694 me
407 1652 492 1710 atridem
508 1667 550 1692 non
563 1653 638 1709 piget,
654 1654 712 1694 codis
722 1669 776 1696 cero

63 1733 130 1768 tutam
144 1725 193 1784 est.)
225 1725 337 1769 Summam
352 1716 514 1769 edocationem
528 1729 667 1769 ccrisiderate
679 1729 778 1770 ‹deserto-

64 1816 99 1843 rcs
112 1816 204 1852 cunrsrr,
221 1808 245 1843 at
256 1818 320 1844 caries
334 1802 365 1844 ad
377 1805 489 1855 carradam,
504 1802 581 1843 sicud
593 1801 729 1844 Irrdaismnm
742 1819 776 1845 re-

62 1876 151 1918 versos!
184 1875 327 1919 Considerate
343 1877 442 1934 fiillnccs
458 1877 523 1931 ilios,
542 1878 581 1933 pai
597 1891 620 1918 sc
634 1879 718 1919 cuarsrr
732 1893 779 1921 esse

64 1950 147 2001 dicant,
166 1950 206 1992 sed
219 1950 334 1993 Iudaismo
350 1951 483 2008 operantur!
517 1950 659 1995 Considerate
673 1952 778 1995 adeersu-

66 2029 113 2068 rios
129 2040 219 2077 cunrsrr,
236 2025 348 2068 Indnismi
362 2031 445 2067 tenaces
463 2031 483 2067 et
498 2028 682 2068 circumcisionem
692 2030 796 2084 iactari--

66 2106 108 2151 tes,
124 2117 180 2158 pane
194 2112 255 2144 mera
271 2103 346 2143 caratis
361 2102 454 2142 concisio
470 2101 517 2142 est!
546 2101 580 2143 Sic
594 2102 619 2144 ab
629 2102 725 2157 dprostoio
735 2119 780 2145 sen-

66 2178 129 2220 tentia
142 2177 210 2220 media
227 2192 262 2219 suo
275 2177 320 2219 loco
336 2175 400 2232 pinsita
414 2183 452 2217 est:
469 2183 570 2218 extremae
584 2191 632 2219 vero
648 2177 717 2220 secum
729 2179 780 2220 invi-

67 2267 113 2294 cem
133 2252 247 2295 oohaerent,
277 2254 329 2295 Nam
345 2267 414 2309 reapse
433 2252 488 2294 idem
501 2244 587 2309 egerunt
601 2254 684 2297 Veteres
697 2258 780 2295 cunrsrr

67 2336 185 2384 sectatores,
210 2330 260 2381 sive,
282 2336 347 2386 spreta
367 2328 462 2371 Iudaismi
482 2328 633 2384 superstitione,
655 2329 679 2370 de
697 2344 782 2372 CHRISTI

69 2397 213 2449 ecinmunion'o
229 2406 355 2464 gaudebant,
374 2421 409 2448 seu
427 2404 523 2447 Iudaismi
541 2411 635 2459 patronos
653 2411 673 2447 et
689 2404 782 2448 ‘vindices

69 2478 94 2521 ad
112 2480 219 2536 fugiendos
240 2498 273 2526 eos
287 2479 461 2538 considerabant(
477 2479 492 2537 ).
523 2481 615 2524 Ceterum
629 2472 738 2535 sipra'e‘sto
753 2497 783 2522 es-

70 2572 219 2580 -——-—..

92 2634 118 2680 (l)
131 2637 155 2669 dt.
167 2644 228 2680 praeter
240 2639 277 2670 altos
289 2649 358 2673 steatitis
370 2640 416 2673 adh.
429 2640 439 2671 l.
