1650 2790
233 81 234 84 =
282 71 325 97 ear.
342 55 356 96 l.
375 69 429 96 vurta,
449 57 481 93 15.

330 200 384 253 trans.
403 215 435 253 15.

56 338 162 391 Apostolus
182 348 234 390 quae
252 331 349 373 debonis
365 329 424 381 dixit,
439 344 462 370 ex
478 328 593 383 captivitate
607 341 643 368 sua
656 326 679 366 in
695 337 740 366 reru

28 412 160 454 Christianam
173 406 342 454 redundantibus,
356 406 384 446 sic
397 404 534 460 persequitur:
552 402 609 451 Τινὲς
617 402 654 456 μὲν
662 402 696 444 καὶ
705 398 745 448 did,

28 482 106 542 pddvov
116 485 149 526 καὶ
164 481 213 539 ἔριν,
229 480 279 531 τινὲς
294 480 317 522 δὲ
331 479 403 522 καὶ’ὁἰ’
418 477 509 520 εὐδοκίαν
522 474 556 519 τᾶν
565 474 653 532 Xprordv
668 472 743 532 appoin-

29 574 101 602 σουσιν.
128 556 168 599 Sed
183 571 257 614 magna
273 554 362 611 quaestio
375 560 414 604 est,
430 559 501 592 utrum
514 552 602 593 alterum
616 550 742 591 emolumen-

28 642 83 683 turn,
106 633 161 689 quod
175 647 202 674 vs.
220 635 246 673 14
263 629 339 685 attigit,
359 626 490 669 hrotbertus
506 632 603 681 exponat,
619 639 647 667 an
660 624 743 665 tertium

28 716 127 763 proponat
141 708 202 749 abeo
217 707 325 747 diversum,
355 703 399 744 Hoc
416 701 500 758 quidem
514 702 617 757 plerisque
633 700 699 741 risum
715 706 744 740 est

29 783 185 837 interpretibus,
208 782 236 822 ita
256 787 335 829 tamen,
352 785 375 818 ut
389 778 435 826 alii,
452 780 563 832 praeeunte
579 788 743 823 cunrsosrooro,

30 872 87 899 voces
106 857 155 906 τινὲς
176 855 214 909 μὲν
235 854 359 909 explicarent
380 850 467 902 πολλοὺς
480 855 520 894 τῶν
534 852 635 902 oniam,
650 850 695 900 alii,
714 849 745 890 uti

30 946 130 981 cuprius,
146 929 255 979 Iudaeos,
274 928 358 985 plurimi
373 928 467 968 domines
484 927 606 968 doctrinam
627 924 745 969 Clm'sta'a-

30 1021 79 1048 itam
99 1021 143 1047 cam
167 1004 253 1046 Irrclaeo
272 1003 435 1060 commordentes,
451 1002 506 1057 quod
522 1000 631 1043 recentiori
645 999 745 1042 memoria

30 1095 89 1123 nemo
104 1079 228 1135 probabilius
243 1078 301 1128 tecit,
316 1092 378 1133 quarn
392 1092 501 1129 sronnrus3
519 1077 570 1118 illud
582 1092 629 1118 vero
643 1075 744 1131 pauciori-

30 1157 68 1197 bus
86 1155 173 1210 placuit,
197 1152 297 1208 imprimis
320 1166 444 1194 rnzrreovro
462 1149 505 1209 (1),
528 1151 597 1203 duee,
619 1151 659 1192 nisi
674 1151 744 1201 fallor,

31 1243 177 1279 Turonorum,
194 1229 230 1284 qui
245 1226 301 1269 hunc
315 1241 396 1269 versum
412 1226 441 1269 sic
457 1226 565 1281 explanare
580 1225 663 1281 incipit:
694 1221 747 1269 ’All'

30 1307 55 1348 ου’
69 1301 149 1347 πάντων
161 1299 188 1352 εἷς
199 1300 285 1359 ὑπάρχει
298 1299 375 1352 σκοπός.
401 1303 427 1343 Et
441 1316 488 1343 sane
500 1316 576 1343 rannus
589 1302 617 1343 ita
631 1315 710 1342 aversu
719 1301 746 1340 14

31 1379 56 1421 ad
76 1381 102 1420 15
122 1377 232 1433 procedere
248 1376 340 1428 ridetur,
357 1384 391 1427 ut,
408 1377 526 1419 continuata
541 1377 635 1418 orationis
654 1376 715 1426 serie,
733 1390 745 1416 a

30 1452 145 1495 laudatione
162 1452 259 1501 fratrum,
276 1451 312 1506 qui
330 1451 443 1493 doctrinam
458 1450 591 1493 Christianam
606 1450 686 1492 tradere
702 1450 745 1492 ausi

32 1535 88 1577 sunt,
107 1526 132 1569 ad
148 1541 180 1567 eos
194 1525 346 1582 distinguendos
361 1533 455 1568 transeat.
485 1527 507 1568 Si
527 1534 596 1587 autern
609 1526 694 1568 tertium
705 1526 745 1567 ho-

31 1602 110 1644 minum
131 1616 193 1659 genus
210 1616 323 1643 memorare
343 1602 415 1653 vellet,
436 1602 503 1643 minus
522 1602 626 1659 intelligo,
647 1617 683 1643 cur
703 1616 746 1643 non

32 1677 132 1731 scripserit
149 1677 175 1717 ab
191 1677 249 1718 initio
270 1678 303 1717 aad
318 1676 367 1726 τινὲς
379 1675 427 1730 μέν,
440 1677 473 1717 rel
488 1692 525 1718 cur
540 1677 611 1719 saltem
625 1677 684 1718 alteri
697 1676 747 1726 τινὲς

33 1751 69 1804 μὲν
84 1752 118 1792 καί
129 1750 228 1792 addiderit
242 1751 329 1791 alterum
337 1751 386 1800 τινὲς
400 1752 423 1793 δὲ
431 1753 470 1802 aad
478 1766 519 1807 quo
532 1752 618 1794 lectores
628 1752 650 1793 in
659 1752 746 1794 alienam

34 1827 149 1882 opinionem
162 1826 260 1868 inducere
271 1833 360 1881 poterat,
370 1834 466 1882 quartum
474 1827 558 1883 insuper
566 1828 667 1869 recenseri
676 1842 745 1885 genus,

34 1901 91 1941 utin
107 1908 197 1942 mentem
212 1901 266 1942 venit
280 1916 395 1943 vrcronrno
412 1899 450 1959 (2)
480 1903 522 1943 Ant
537 1902 554 1948 si
569 1902 619 1953 illis,
637 1916 687 1957 quos
700 1917 748 1943 rer-

34 1977 65 2018 bis
81 1977 131 2027 τινὲς
142 1977 180 2031 μὲν
193 1978 227 2019 καί
238 1976 371 2027 indicaverat,
389 1992 492 2032 opponere
507 1977 587 2019 volebat
604 1979 675 2019 fratres
689 1993 749 2033 supra

35 2051 134 2103 laudatos,
151 2051 223 2107 quidni
235 2067 272 2107 pro
285 2053 335 2103 τινὲς
349 2052 372 2095 δὲ
387 2053 421 2094 καί
432 2067 479 2093 usus
495 2060 524 2093 est
538 2053 667 2109 frequentato
681 2056 750 2097 ἐκεῖνοι

37 2125 59 2169 δέ
77 2127 110 2167 rel
125 2122 199 2168 sinuli?
229 2128 283 2169 Haec
303 2141 351 2169 cum
364 2127 431 2168 animo
447 2133 574 2181 reputarem,
591 2142 655 2183 prope
669 2128 750 2169 abfuia

37 2202 118 2244 Graecis
130 2202 252 2257 explicandis
264 2203 308 2243 ato
317 2202 403 2260 qzu'dem
413 2217 495 2252 corma,
509 2202 553 2243 atti
564 2218 622 2245 cero.
653 2203 693 2244 Sed
701 2217 750 2244 con-

39 2275 122 2318 sideratc
139 2292 207 2319 rursus
222 2278 316 2319 orationis
329 2278 389 2319 totius
403 2285 534 2335 argumento,
551 2278 640 2319 multum
656 2278 674 2318 ei
686 2278 751 2319 inesse

40 2349 90 2398 vati,
105 2351 160 2406 quod
172 2353 333 2407 interpretationi
348 2352 379 2393 illi
392 2353 466 2403 obstet,
481 2352 566 2402 alteram
580 2343 638 2401 nero,
654 2352 751 2407 quaeVi-

64 2532 86 2574 ll]
101 2534 153 2575 Capit.
164 2536 212 2566 Scor.
224 2535 243 2566 ad
256 2534 271 2566 h.
284 2536 295 2566 l,

63 2594 88 2636 (2)
101 2594 159 2627 Canini.
171 2594 187 2625 in
199 2595 215 2627 h.
227 2595 239 2627 l.
252 2597 276 2628 ed.
290 2608 298 2627 a
310 2604 354 2637 tillo,
368 2598 445 2638 δούρων.
457 2598 489 2628 l'rt,
498 2608 534 2628 nor.
543 2598 606 2627 collect.
614 2598 656 2628 l'our-
665 2598 755 2639 uapor,

43 2653 69 2684 nbi
79 2665 109 2685 uss.
121 2656 142 2686 to
154 2661 170 2685 et
182 2657 201 2687 17
216 2659 261 2689 etiarn
272 2660 362 2701 transpositi
374 2666 416 2690 sunt.
