1650 2790
49 71 89 110 130
302 83 346 110 car,
357 68 387 111 ll,
404 85 460 113 vens.
476 73 495 113 3,
537 78 538 81 ’

3 217 4 220 =
48 195 118 242 subiit,
139 193 186 248 quia
206 191 297 233 homines
315 194 355 234 iam
374 194 497 252 abantiquo
512 209 583 237 cavere
599 197 718 247 voluerunt,
734 212 760 239 ne
776 201 778 204 ’

49 270 93 325 quis
108 267 194 325 ἐριθείαν
209 275 229 308 ct
242 269 354 318 κενοδοξίαν
367 269 421 310 inter
433 285 454 311 se
467 270 592 327 distinguere
603 272 724 328 negligeret.

78 344 168 384 Priorem
183 343 293 385 sententiae
308 351 387 399 partem
401 345 477 400 Μηδὲν
488 343 539 388 κατα
553 345 641 402 ἐριθείαν
656 343 760 401 ἢκενοδο-

47 421 102 471 ξιάν,
115 427 138 460 ut
153 427 205 460 stare
220 419 292 475 possit,
309 433 453 460 rrerurucusrus
469 433 517 461 cum
531 419 622 475 proxime
637 419 760 475 praeceden-

49 496 101 536 tibus
116 493 140 538 td
154 496 175 538 ’ὲν
189 498 306 553 φρονοῦντες
319 493 480 536 connectendam
496 509 538 535 esse
552 495 761 546 monuit‚Versum3

47 571 138 626 incipere
153 572 207 612 aiens
223 586 235 613 a
248 570 350 612 Particula
365 569 424 614 ἄλλα.
443 570 510 627 Atque
523 568 563 612 lroe
572 571 615 612 aliis
628 586 710 628 quoque
718 571 740 626 pl
753 596 762 601 -

48 647 123 696 cuisse‚
144 661 204 687 nemo
222 646 340 696 mirabitur,
361 646 462 704 siquidem
481 653 581 687 structura
596 646 683 688 illator
698 643 762 702 μηδέν

48 721 123 776 pendet
142 737 154 763 a
173 722 291 777 Participio,
312 721 368 778 quod
384 737 407 764 ea
421 720 534 764 secundum
550 720 700 763 distinctionem
715 720 762 765 rul-

49 812 119 854 garem
140 796 246 839 desiderat.
278 797 317 839 Sed
338 798 360 839 in
376 797 474 839 librorum
496 805 583 839 aeterum
597 797 763 853 interpretatione

48 888 91 914 non
113 887 173 914 omne
193 873 322 928 probandum
343 888 394 924 esse,
411 871 466 930 quod
485 874 536 915 ultro
552 889 572 915 se
588 873 668 923 offerat,
684 872 724 915 lioc
739 889 763 915 cr

50 949 94 989 loco
110 948 151 989 iam
166 948 212 989 satis
227 948 315 1004 intelligi
329 963 387 1003 posse
401 948 487 991 videtur.
518 949 610 990 Primum
626 948 691 999 enim,
705 949 721 989 si
734 956 763 990 at-

49 1022 149 1064 tendimus
164 1022 189 1064 ad
204 1022 296 1078 pr·oxime
308 1022 460 1077 praecedentia:
475 1023 512 1079 τήν
519 1022 583 1079 αῦτήν
592 1023 673 1080 ἀγάπην
680 1022 764 1079 ἔχοντες,

48 1096 164 1153 σῦμψνχοι,
182 1098 247 1139 multo
263 1097 379 1140 credibilius
395 1105 434 1147 est,
451 1113 534 1139 rausum
549 1099 662 1140 orationem
678 1099 764 1141 conclu-

48 1174 94 1213 sisse
110 1172 164 1215 dicto
180 1172 241 1214 simili
254 1172 278 1215 τῦ
290 1174 312 1215 ἓν
327 1176 455 1230 φρονοῦντες,
471 1188 533 1229 quam
548 1173 608 1228 plura
621 1173 721 1230 aliterque
729 1172 765 1215 de-

49 1249 135 1289 sinentia
150 1249 169 1289 ei
184 1247 285 1290 adiecisse.
315 1247 394 1288 Deinde
410 1247 488 1289 dietum
503 1247 555 1289 illud
569 1248 592 1291 τῦ
606 1250 628 1292 ἓν
640 1252 765 1305 φρονοῦντες,

49 1324 236 1381 quomodocunque
251 1323 369 1379 explicetur,
380 1322 473 1380 frigebit,
490 1324 529 1365 nisi
543 1323 675 1368 vocabulatd
688 1324 710 1367 ἓν
724 1324 764 1365 sola

49 1415 61 1441 a
75 1400 183 1455 Participio
198 1401 316 1455 φρονοῦντες
329 1397 441 1454 pendeant:
456 1398 511 1455 quod
523 1400 610 1441 sentiens
620 1400 702 1441 fortasse
711 1413 765 1441 eao-

50 1489 95 1517 rrns
110 1476 253 1530 interpretatus
269 1481 308 1514 est:
325 1472 374 1515 Hoc
388 1489 453 1515 ανιαννν
466 1475 588 1528 studentes,
609 1475 696 1516 maxime
710 1473 766 1515 soili-

51 1559 93 1601 cet,
108 1565 135 1591 oe
150 1549 205 1607 quid
218 1551 348 1591 contentiose
358 1555 396 1591 aut
409 1549 522 1590 (ambitiose
530 1551 620 1606 agatz's;
636 1564 673 1605 pro
689 1549 766 1605 ingenii

51 1619 135 1682 quidem
151 1625 182 1665 sui
197 1624 302 1674 acumine,
319 1624 352 1665 sed
369 1625 410 1665 rim
419 1631 488 1665 tamen
498 1624 588 1665 tribuens
596 1625 696 1675 Articulo,
705 1637 766 1680 quam

50 1700 126 1742 babere
148 1707 228 1741 tantum
247 1706 322 1755 potest,
345 1700 380 1741 ubi
395 1699 488 1742 Verbum
508 1700 599 1755 sequitur
615 1697 653 1756 (1).
684 1699 767 1740 Duobus

51 1777 106 1818 lriscc
122 1774 207 1817 addatur
222 1775 315 1824 tertium,
332 1774 380 1816 inde
396 1775 494 1830 petitum,
511 1773 565 1830 quod
584 1790 595 1815 a
610 1789 631 1815 se
646 1781 718 1815 mutuo
734 1773 767 1815 di-

51 1852 155 1893 velluntur
178 1850 278 1906 opposita,
302 1851 318 1891 si
342 1850 428 1892 alterum
451 1864 498 1892 eum
520 1849 629 1904 Participic
650 1852 768 1905 φρονοῦντες

53 1927 202 1983 coniungimus.
233 1927 258 1966 Et
273 1926 305 1966 rel
320 1924 358 1967 bac
374 1932 475 1968 structura
491 1926 586 1966 orationis
602 1925 674 1965 seriem
690 1924 769 1965 turbari

52 2002 139 2052 ridebit,
156 2002 191 2057 qui
206 2000 379 2050 animadverterit,
395 1999 515 2043 rerbao'lld
528 2025 555 2033 -
565 2027 590 2033 —
602 2000 681 2043 ἑαυτῶν
695 2000 770 2055 opponi

54 2076 138 2134 quidem
158 2091 216 2132 posse
238 2075 406 2132 praecedentibus
427 2076 491 2132 μηδὲν
511 2102 537 2109 -
555 2075 678 2125 κενοδοξίαν,
697 2088 770 2129 perse

55 2151 196 2201 consideratis,
211 2166 253 2192 nori
268 2152 318 2193 item
333 2166 392 2200 aero,
409 2151 425 2191 si
439 2149 491 2192 llaec
506 2157 654 2191 connectantur
671 2162 718 2190 eum
736 2162 770 2188 re-

55 2227 175 2270 motioribus
196 2226 219 2270 τό
239 2228 260 2270 ἓν
278 2228 407 2283 φρονοῦντες,
427 2226 502 2281 quippe
522 2239 574 2280 quae
589 2225 630 2265 iam
645 2223 710 2263 rrrulto
725 2223 771 2278 plus

55 2318 118 2361 quam
133 2303 169 2345 illa
184 2301 258 2345 dicant.
277 2302 350 2358 Itaque
365 2300 449 2355 probata
464 2298 593 2341 distinctione
601 2298 680 2355 vulgari
689 2312 772 2340 raucum

55 2387 116 2436 puto,
137 2378 163 2421 ad
178 2378 260 2428 vitium,
279 2376 349 2418 virtuti
364 2374 479 2431 propositae
493 2373 641 2424 adversarium,
659 2373 772 2430 repreben-

81 2561 105 2608 (1)
124 2564 169 2595 Cadit
185 2565 241 2606 igitur,
258 2562 301 2606 quod
316 2570 417 2592 rrronrrronus
434 2573 450 2603 p.
466 2561 501 2591 368
518 2570 553 2602 sqq.
570 2567 620 2590 aliern
635 2560 701 2601 vestigia
712 2565 773 2591 securus

59 2626 137 2668 disputat,
155 2636 248 2668 quamquam
263 2623 306 2654 linud
324 2630 381 2654 temere
396 2628 463 2654 auersos
479 2622 517 2654 facit
533 2621 598 2653 lectores
609 2621 627 2653 nd
639 2621 728 2654 Articulum
741 2621 773 2660 τό,

59 2699 105 2731 quern
118 2687 163 2719 multi
174 2687 269 2730 interpretes
280 2684 389 2726 neglexerunt.
