1650 2790
57 79 98 118 140
291 90 335 118 car.
350 76 376 118 H.
393 46 448 118 vens,
465 78 526 119 6-11,

56 198 134 255 ingenii
146 204 193 238 sunt
206 198 298 248 inventa,
314 213 366 255 quae
379 198 453 240 oblivio
466 201 506 241 iam
524 197 612 249 delevit3·
619 211 665 252 pars
674 210 765 238 comme-

57 280 145 314 moratae
158 279 204 313 sunt
222 287 233 314 a
247 288 337 315 rnsrnno
350 272 392 330 (1),
409 288 504 323 tremo,
520 288 534 314 1.
547 287 561 314 1.
575 287 712 314 senunrnrrsro
721 269 764 329 (2),

58 361 202 396 rmmnmusro,
217 362 299 398 nermo,
316 362 420 389 ormrmro
437 346 467 404 (3)
487 349 581 404 aliisque,
600 346 625 389 ad
638 361 688 402 quos
703 348 765 388 lecto-

58 437 100 462 rem
119 422 200 462 mittere
218 423 282 473 malo,
296 437 357 478 quem
370 422 488 477 exponenda
501 422 671 478 interpretationis
684 420 765 462 historia

58 504 136 552 tempus
163 512 291 548 consumere,
317 497 372 553 quod
394 497 431 539 sibi
450 499 492 553 ipsa
513 498 601 554 postulat
620 497 764 552 interpretatio.

56 572 162 630 Ceterum,
184 574 273 629 quamtis
292 573 393 616 brevitatis
412 588 471 616 causa
485 573 506 615 in
520 588 590 623 sensu,
608 573 644 629 qui
658 571 708 614 mibi
721 587 765 613 ora-

58 648 108 689 tioni
126 648 245 690 tribuendus
259 647 348 699 ridetur,
365 649 483 704 explicando
497 656 516 690 ct
530 647 645 703 probando,
666 653 765 703 quantum

57 722 109 771 [ieri¹
120 723 192 778 possit,
212 723 318 765 subsistere
334 724 438 776 eonstitui3
455 724 499 766 satis
514 724 570 780 larga
582 722 633 764 mibi
645 730 713 764 tamen
728 721 765 763 erit

57 798 116 854 eopia
128 798 153 840 de
166 798 277 840 rationibus
290 806 309 840 et
321 799 455 855 argumentis,
468 813 520 855 quae
527 798 613 842 maxime
628 797 765 840 celebritatem

58 880 116 915 nacta
129 881 186 923 sunt,
202 873 297 929 deinceps
310 873 431 928 disputandi.

367 1025 424 1052 vuns.
441 1014 460 1053 6.

87 1100 153 1140 Pauca
172 1098 211 1141 hoc
229 1100 252 1140 in
268 1101 313 1141 loco
328 1106 384 1150 sunt,
398 1113 450 1155 quae
463 1099 522 1143 Viros
536 1099 610 1140 Bootes
625 1098 689 1154 magis
706 1113 769 1139 erer-¹

44 1174 147 1225 'cuerint,
165 1188 227 1230 quam
239 1174 373 1230 principium:
383 1170 419 1224 Ὅς
432 1176 453 1217 ἓν
466 1178 536 1233 μορφῇ
545 1177 597 1217 &aei
606 1171 714 1229 ὑπάρχων,
729 1173 752 1215 od
752 1189 768 1227 χ

58 1247 162 1305 ἁρπαγμόν
178 1246 266 1304 ἡγήσατο
283 1247 306 1292 rd
319 1246 367 1291 εἶναι
380 1246 415 1291 ἶσα
428 1250 478 1308 Θεῷ.
506 1248 601 1302 Quamvis
616 1248 671 1289 enim
686 1262 725 1289 nec
742 1247 767 1288 de

59 1338 93 1374 eo,
109 1322 158 1378 quid
170 1338 245 1365 rannus
256 1323 368 1378 scripserit,
387 1337 426 1365 uec
439 1322 464 1365 de
478 1323 571 1366 orationis
585 1322 713 1364 distinetione
725 1322 767 1362 ulla

58 1398 148 1453 quaestio
163 1406 201 1449 est,
216 1394 299 1439 totidem
312 1405 381 1440 tamen
394 1397 508 1453 disputandi
521 1398 563 1439 fere
572 1412 640 1439 causas
646 1398 767 1439 invenerunt

56 1472 190 1528 Interpretes,
212 1480 261 1529 quot
275 1473 336 1514 rerba
354 1472 392 1514 sihi
407 1473 546 1515 occurrebant.
576 1473 600 1513 Et
619 1470 709 1527 primum
723 1472 768 1527 qui-

57 1547 104 1589 dem
123 1548 213 1590 laborem
225 1548 305 1603 peperit
316 1547 404 1589 formula
417 1549 438 1590 ἒν
450 1551 521 1606 μορφῇ
535 1549 588 1589 Θεοῦ
603 1546 705 1603 ὑπάρχων.
731 1547 771 1588 Ni-

57 1624 134 1663 mirum
148 1637 171 1664 ea
182 1628 285 1663 narratam
302 1621 388 1665 Clara'otz'
401 1621 504 1663 Divinam
518 1621 606 1678 proponi
619 1622 686 1663 Patres
699 1621 769 1663 Eccle-

58 1699 99 1740 siae
112 1697 260 1753 propemodum
277 1712 346 1739 omnes
358 1697 493 1739 communiter
506 1703 620 1739 sumserunt
634 1697 769 1752 etposteritati

59 1772 109 1815 adeo
123 1779 276 1828 persuaserunt,
291 1779 314 1813 ut
325 1772 370 1815 Viri
384 1771 499 1814 Doctissimi
513 1772 586 1813 acriter
599 1771 770 1827 reprehenderent

59 1863 103 1900 eos,
131 1848 168 1904 qui
194 1847 338 1889 dissensionem
365 1846 510 1903 prodidissent,
536 1854 559 1888 ut
586 1862 683 1889 unasuuu
706 1862 769 1896 rura,

58 1938 156 1966 coccnrus
171 1938 273 1966 enemim.
303 1925 345 1965 Nec
359 1931 427 1966 tamen
440 1923 471 1964 illi
491 1923 597 1965 unanimes
614 1924 707 1975 fuerunt,
723 1938 770 1965 cnm

59 1999 93 2040 alii
106 2013 177 2041 rocem
191 2001 262 2057 μορφῇ
275 2005 309 2039 aut
322 1998 445 2054 explicarent
458 1996 528 2054 φύσει,
541 2006 576 2041 aut
591 1998 659 2058 ου’σίμ,
673 1999 708 2041 alii
726 2013 770 2041 eam

60 2073 173 2116 redundare
193 2072 294 2123 dicerent,
314 2081 337 2115 ut
359 2088 397 2129 pro
415 2073 480 2115 verbis
500 2077 521 2117 ἕο
543 2081 613 2133 μορφῇ
633 2077 686 2117 Θεοῦ
706 2089 771 2115 unum

60 2147 109 2198 &ede
125 2148 218 2189 substitui
233 2155 305 2204 posset.
336 2148 376 2189 Sed
389 2148 467 2200 nescio,
482 2164 508 2190 an
522 2148 656 2204 discrepantia
668 2149 703 2190 illa
717 2149 771 2191 haud

59 2225 145 2266 obscure
172 2224 213 2264 iam
235 2223 321 2274 indicet,
343 2223 435 2265 homines
458 2224 528 2279 quovis
548 2223 610 2265 modo
629 2224 716 2279 probare
734 2241 772 2266 ro-

59 2300 119 2342 luisse
140 2299 336 2354 interpretationem,
353 2298 468 2354 apatribus
486 2306 505 2340 et
524 2299 633 2341 maioribus
652 2299 690 2342 sibi
710 2301 772 2343 tradi-

81 2498 105 2543 (1)
123 2500 189 2531 oestro.
205 2499 223 2530 ομ
235 2499 269 2541 Ep.
282 2498 335 2530 Puult'
346 2499 368 2529 ad
379 2498 426 2531 Phil.
438 2499 455 2529 in
467 2498 550 2529 Thesauro
563 2498 608 2529 Νοοο
628 2511 648 2531 ea:
661 2501 727 2531 :tlasoro
741 2510 772 2530 111-

59 2571 94 2594 sarr
106 2566 122 2592 et
134 2570 194 2592 11111111,
207 2561 249 2591 Tem,
262 2561 284 2592 ΙΙ.
296 2571 312 2601 φ,
324 2562 363 2602 947,
376 2561 415 2592 948,

81 2621 105 2666 (2)
117 2622 185 2666 Sylloge
200 2623 268 2654 dissert.
282 2623 345 2654 Philet.
358 2623 428 2665 Exeqet.
441 2622 483 2652 Tem.
496 2622 510 2652 1.
522 2631 537 2663 p,
550 2623 582 2653 443
594 2633 629 2665 sqq.

80 2682 104 2726 (3)
116 2685 206 2727 8111111115,
219 2685 290 2716 Journal
301 2683 398 2725 sdrorrserl.
414 2684 468 2716 ΤΙιοοί.
480 2684 531 2717 Litcr.
544 2683 585 2717 Toni.
597 2686 624 2717 lv.
635 2697 649 2727 p.
662 2686 684 2717 34
692 2697 725 2728 sqq.
