1650 2790
284 55 328 82 oin
344 40 379 84 lt.
396 55 452 82 runs.
469 42 503 90 21,
520 42 555 81 22.
728 45 760 83 3¹v

60 162 190 212 morabatur,
205 163 280 205 incolas
295 164 328 205 rel
343 162 442 219 hospites,
459 165 495 221 qui
511 178 592 207 oausam
609 178 657 206 cum
676 177 701 204 eo
716 177 770 205 eom-

60 251 144 279 munem
165 236 273 281 faciehant.
314 239 339 280 Et
361 238 421 282 huius
444 239 524 296 generis
541 254 597 281 nuno
614 238 697 281 Rornae
714 247 772 280 erant

60 326 132 363 ornus,
154 328 259 365 curuans,
278 329 368 366 anonis,
388 330 511 366 murrona,
528 316 588 357 etiam
602 329 770 365 EPAPHRODITUS‚

60 388 106 439 alii,
128 403 174 445 pars
189 388 369 448 Philippensibus
386 392 475 449 cogniti,
494 406 540 447 pars
555 392 661 448 incognitis
692 393 770 433 Horum

60 463 122 519 igitur
136 478 160 504 ex
174 463 244 507 ordine
259 473 306 507 sunt
320 466 417 524 αἰίελφοί,
430 481 519 523 quorum
535 467 619 508 nomine
634 466 771 525 Ptittppen-

60 552 95 580 ses
108 539 227 583 salutantum
533 540 536 544 ’

90 615 160 657 Altera
176 616 269 659 salutatio
285 618 314 659 sio
331 617 415 672 incipit:
437 615 569 668 Ἀσπάζονται
588 617 644 671 ὑμᾶς
663 616 735 667 πάντες
754 616 773 659 οἰ

61 684 126 744 ἅγιοι,
146 692 245 733 salutant
263 707 300 733 oos
322 707 393 733 omnes
409 695 494 734 saneti:
514 692 535 733 id
556 700 585 733 est
601 708 672 734 onmes
689 706 773 734 ouursrr

61 770 179 807 sectatores
193 766 239 808 Deo
255 769 387 818 consecrati,
403 773 505 824 quotquot
519 767 601 809 Ιίοαιαο
616 773 672 810 εαιιί.
694 769 774 809 Plutus

62 841 124 897 igitur
139 841 165 882 al]
179 841 304 883 adiutoribus
318 842 357 882 suis
373 841 527 883 multitudinem
542 842 659 899 distinguit,
675 850 699 884 ut
713 842 774 884 nom,

61 917 122 960 XVI:
145 919 184 967 14,
207 919 233 958 15
255 916 303 958 alias
324 923 447 959 sectatorum
469 932 552 959 onnrsrr
572 918 658 960 familias
676 918 702 959 ab
724 918 775 960 aliis.

62 991 90 1033 af,
113 993 126 1032 2
151 990 200 1034 θον.
222 992 283 1033 XIII:
301 993 334 1033 12,
368 993 481 1035 Nonnullos
502 1008 549 1034 vero
571 994 675 1051 sigillatim
696 1008 777 1035 memo-

64 1074 93 1109 rat
112 1066 177 1107 verbis
192 1065 281 1121 pilleum
294 1068 318 1110 δὲ
332 1067 351 1109 οἳ
366 1070 388 1110 ἐκ
401 1071 437 1124 τῆς
450 1068 554 1125 Καίσαρος
568 1069 635 1120 οἰκίας.
663 1070 707 1111 lam
725 1069 777 1111 illud

62 1141 150 1197 μάλιστα
173 1142 197 1184 δὲ
216 1145 310 1184 mraxime
330 1157 391 1193 vero,
414 1150 485 1184 utrum
505 1144 617 1200 significet,
634 1144 728 1187 homines
743 1145 777 1186 hio

63 1225 183 1259 memoratos
198 1232 247 1273 prae
264 1219 335 1260 ceteris
350 1218 447 1273 Apostolo
461 1218 580 1261 mandatum
596 1220 686 1271 dedisse,
702 1228 725 1261 ut
742 1235 778 1262 suo

62 1293 146 1334 nomine
167 1291 321 1351 Philzppeuses
345 1294 451 1345 salutaret3
474 1310 500 1336 an
525 1295 593 1337 dicere
616 1303 695 1337 tantum
717 1297 777 1346 velit,

63 1368 116 1410 liano
131 1369 272 1410 salutationem
289 1385 338 1425 prae
353 1371 425 1411 ceteris
441 1370 608 1412 considerandam
625 1385 679 1423 esse,
697 1372 720 1413 in
733 1387 779 1413 me-

63 1442 97 1483 dio
114 1443 232 1499 relinquere
249 1444 316 1494 malo,
336 1458 398 1500 (luam
413 1459 537 1495 asseverare,
554 1445 690 1501 quodminus
709 1448 778 1502 explo-

64 1526 130 1560 ratum
149 1526 184 1561 est.
220 1520 356 1575 Sequentihus
379 1520 398 1563 ot
418 1523 440 1564 ἐκ
461 1524 497 1578 τῆς
516 1523 619 1580 Καίσαρος
640 1523 701 1573 οἰκίας
722 1537 780 1563 trar-

64 1609 159 1636 rnrnsrus
172 1595 253 1635 milites
267 1594 428 1637 Praetor-tanos
442 1595 534 1640 denotari
546 1605 611 1652 putat.
641 1599 668 1639 Et
682 1598 718 1639 illo
732 1613 779 1639 sane

65 1677 169 1724 tempore,
188 1683 229 1724 quo
244 1684 320 1711 rarius
335 1670 418 1712 Romae
433 1672 522 1727 captivus
542 1680 605 1723 esset,
625 1672 656 1714 his
674 1673 780 1714 interfuis—

65 1759 98 1794 se,
121 1744 157 1800 qui.
178 1759 284 1786 cunrsruu
303 1744 461 1800 profiterentur,
483 1746 539 1789 haud
560 1754 639 1788 temere
656 1748 738 1804 cogitur
757 1764 781 1789 er

65 1820 112 1874 Cap.
126 1820 148 1860 I:
166 1821 199 1861 13.
230 1819 270 1860 Sed
283 1827 388 1862 auctorem
403 1821 478 1872 miror,
498 1822 514 1862 si
527 1822 601 1863 milites
615 1822 660 1863 illos
676 1823 698 1864 in
711 1831 781 1865 mente

65 1894 164 1945 liaberet,
183 1894 321 1950 perspicuitati
338 1911 380 1939 nou
400 1897 446 1939 satis
463 1896 588 1939 consuluisse
602 1898 710 1940 scribendo
723 1900 743 1942 οἱ
759 1902 782 1942 ἐκ

66 1974 102 2013 τοῦ
118 1970 252 2027 Ποαιτιορίοο.
284 1970 362 2012 Deinde
378 1971 437 2013 ralde
454 1971 537 2023 dubito,
559 1988 585 2014 an
603 1973 646 2029 ipsa
663 1974 735 2025 verba,
752 1990 782 2016 se»-

68 2046 160 2088 oundum
184 2046 282 2103 loquendi
305 2061 378 2098 usum,
401 2047 590 2104 interpretationem
606 2049 651 2093 Viri
669 2050 729 2091 Dooti
747 2051 781 2092 fe-

68 2130 120 2164 rant.
151 2122 213 2164 Aliud
234 2129 289 2164 certe
309 2123 394 2165 suadent
412 2124 453 2166 looi
475 2140 487 2166 a
507 2139 624 2177 nonnemo,
646 2141 735 2169 nnnesro
762 2133 782 2167 ot

68 2214 175 2240 uonsrnno
192 2199 253 2241 allati.
282 2199 385 2255 Imprimis
402 2200 533 2256 comparandi
545 2201 576 2241 illi
592 2209 652 2253 sunt,
671 2202 782 2258 inquibus

68 2275 192 2328 Praepositio
218 2275 240 2316 ἐκ
263 2273 380 2317 Genitivum
399 2275 508 2331 praecedit.
546 2276 580 2318 Sic
599 2277 652 2320 Lus.
672 2277 693 2318 I:
715 2279 743 2318 27
762 2284 782 2317 et

69 2354 100 2393 II:
118 2355 131 2393 4
150 2366 230 2394 MARIAE
246 2365 342 2408 sponsum
356 2350 417 2391 fuisse
437 2350 523 2406 legimus
539 2353 560 2401 ἐξ
576 2351 630 2395 οἴκου
648 2352 722 2407 Aspis.
748 2351 782 2393 Si-

68 2427 144 2467 militer
159 2442 256 2470 rosnruos
273 2424 303 2485 (1)
321 2425 370 2467 dioit
389 2427 411 2475 ἐξ
430 2424 529 2482 ἐπισήμου
549 2426 629 2484 σφόδρα
646 2427 707 2477 οἰκίας
726 2423 780 2469 ὄντα,

93 2641 116 2687 (ἱ)
129 2644 185 2674 Iocum
197 2641 235 2673 miti
249 2644 340 2674 monstrarit
352 2648 490 2672 rnrrsonnrmenus
502 2640 518 2671 li.
529 2652 544 2671 v.
