1650 2790
47 77 73 116 52
310 85 354 114 car.
370 70 386 113 I.
402 84 457 112 raas,
475 71 495 111 7.

45 196 80 237 sed
96 194 207 250 quaestioni
225 201 248 234 ut
262 195 287 234 ab
301 196 357 235 omni
371 201 427 249 parte
442 194 532 242 satisfiat,
549 192 695 234 consideranda
711 200 757 234 sum

49 272 106 313 rerba
120 270 234 326 sequentia:
249 269 269 312 ἕο
287 285 307 311 τε
325 274 366 320 τοῖς
381 272 461 322 δεσμοῖς
473 286 526 322 μου,
541 269 574 310 καὶ
586 270 608 310 ἐν
622 273 648 328 τῇ
662 268 758 329 αἀολογίγ,

46 349 79 389 καί
96 343 198 402 βεβαιώσει
215 350 252 388 τοῦ
271 345 393 400 εὐαγγελίου,
409 342 549 401 σογκοαωνοίς
563 361 603 398 μου
622 348 658 401 τῆς
677 341 758 401 χάριτος

45 420 120 470 πάντας
133 420 188 475 ὑμᾶς
201 416 263 471 ὄντας,
293 420 360 471 Quam
374 433 422 460 cum
436 433 564 460 antlltanno
577 433 645 460 reram
655 418 724 460 iudico
738 426 757 460 et
813 427 818 432 ⁴

45 496 186 551 scriptionem,
208 502 227 537 et
247 494 401 536 distinctionem.
435 494 487 534 Nam
501 494 640 534 testimonium
658 493 757 534 librorum

46 578 149 620 veterum,
168 571 190 611 in
210 570 283 626 quibus
302 569 424 625 Praepositic
441 571 463 612 ἒν
480 575 528 609 ante
542 584 600 610 voces
616 574 643 628 τῇ
662 556 757 627 αἀολογίαι

45 660 137 702 expressa
150 653 185 688 aut
196 645 292 686 vertendo
305 644 383 686 reddita
396 651 435 694 est,
451 644 527 711 idcirco
542 644 603 686 fidem
617 643 689 694 habet,
703 644 757 700 quod

45 736 104 763 causa
121 719 231 775 probabilis
245 718 352 775 cogitando
366 718 416 775 fingi
430 718 512 774 nequit,
527 734 563 760 cur
578 719 613 759 illa
627 734 638 760 a
654 727 758 760 correcto·
808 740 809 744 =

45 795 99 837 ribus
112 794 180 837 addita
194 794 218 835 sit
232 794 326 845 orationi,
345 802 414 836 contra
427 810 475 836 rere
487 795 613 837 festinatione
620 794 756 845 librariorum,

44 871 77 912 rel
95 885 121 911 ne
140 877 275 927 repeteretur,
291 870 351 911 facilc
365 870 431 925 potnit
445 869 516 911 omitti.
547 870 722 918 conlustrarem,
736 869 758 909 in

44 946 137 987 Editione
151 952 233 1000 recepta
248 952 268 985 et
280 960 291 985 a
305 959 454 995 onrnsascuro,
469 959 583 986 erimusne
598 942 641 1002 (1),
659 959 758 986 scnotzro

44 1033 127 1075 quoque
144 1018 227 1060 vocibus
239 1018 286 1069 ⁴illis
305 1019 432 1069 subiectum,
446 1034 495 1061 cum
506 1027 616 1075 utramque
629 1019 725 1077 οἷαολογίογ
739 1011 758 1059 et

42 1091 144 1150 βεβαιώσει
163 1108 217 1134 unus
237 1094 341 1135 Articulns
359 1099 386 1153 τῇ
409 1093 577 1151 comprehendat,
599 1102 654 1136 reete
675 1095 759 1136 austrino

43 1182 182 1211 consensurus
196 1165 227 1225 (2)
242 1168 321 1209 delevit.
352 1169 395 1209 lam
410 1183 554 1219 connexa,3esse
567 1167 587 1211 ἕν
597 1185 618 1210 τε
629 1173 670 1218 τοῖς
679 1171 758 1222 δεσμοῖς

42 1262 94 1298 μου,
109 1244 142 1286 καὶ
155 1246 177 1286 ἐν
188 1247 215 1302 τῇ
227 1243 326 1303 α’πολογίγ
340 1245 372 1286 καί
385 1241 487 1298 defloruisse
500 1248 538 1286 τοῦ
551 1243 662 1298 εοάγγελίοο
669 1276 675 1294 ,
692 1244 758 1285 Parti-

44 1320 103 1360 culae
121 1319 238 1373 copulantes
252 1334 272 1360 rs
286 1325 305 1359 et
323 1318 359 1360 καί
374 1318 487 1359 ostendunt
519 1318 586 1374 Atque
599 1316 649 1359 haec
661 1318 712 1373 quin
722 1334 758 1374 pa·
799 1356 801 1360 ,

25 1388 28 1394 ’
43 1395 92 1436 riter
104 1408 152 1435 cum
164 1393 270 1448 postremis
282 1391 424 1448 οογκοιαωνοίς
436 1410 476 1448 μου
487 1397 522 1449 τῆς
533 1393 613 1451 Zapara
621 1394 759 1448 αανταςομᾶς

42 1464 101 1519 ὄντας
120 1466 251 1519 cohaereant,
268 1468 362 1510 dubitare
381 1483 423 1509 non
435 1469 482 1510 sinit
496 1470 569 1520 oratio,
583 1470 659 1525 quippe
672 1484 724 1525 quae
739 1476 759 1512 et

42 1551 145 1585 structura
158 1542 246 1593 laborat,
263 1551 283 1583 et
297 1542 378 1584 effusius
391 1544 486 1594 exsultat,
504 1544 520 1584 si
534 1545 579 1595 illa,
596 1544 628 1585 uti
641 1545 682 1586 iam
695 1545 758 1586 soluit

43 1632 219 1668 euersosroums,
242 1632 290 1659 cum
309 1618 477 1673 praecedentibus
496 1618 530 1660 aut
547 1619 571 1662 τί
590 1618 641 1674 ἔχειν
654 1637 679 1675 με
697 1622 718 1663 ἐν
732 1624 759 1680 τῇ

43 1694 114 1752 καρδία
128 1693 182 1746 ὑμᾶς
198 1692 319 1748 iunguntur.
350 1693 377 1733 Ut
393 1699 461 1734 autem
477 1707 758 1743 arrnsrnaas,mrrn1asrus

43 1776 63 1809 et
78 1759 171 1823 plerique
185 1767 307 1822 Interpretes
319 1765 417 1809 hactenus
430 1767 483 1809 inter
498 1783 518 1808 sc
533 1769 667 1822 consentiunt,
681 1770 709 1810 sic
718 1785 758 1811 una

44 1843 135 1884 omnium
150 1858 188 1884 ror
201 1850 242 1893 est,
256 1843 371 1884 Pronomen
385 1843 450 1896 ὑμᾶς,
467 1857 515 1883 cum
525 1844 587 1885 semol
600 1846 758 1902 tantumrequi-

43 1925 132 1967 reretur,
140 1917 171 1959 bis
184 1932 226 1958 esse
239 1916 343 1971 scriptum.
369 1917 471 1972 Repetitio
486 1925 557 1958 utrum
568 1918 616 1959 inde
629 1920 719 1975 proiecta
726 1920 757 1971 sit,

44 1992 100 2048 quod
121 1999 204 2040 auctor,
223 1990 276 2031 inter
290 1990 406 2032 dictandam
418 1990 471 2033 banc
484 1992 615 2043 sententiam,
630 1993 655 2034 ad
668 2009 711 2034 rem
724 1995 758 2035 in-

46 2067 119 2108 tentior
135 2073 191 2115 esset,
207 2079 269 2120 qnam
280 2072 302 2105 ut
314 2066 373 2108 rerba
386 2066 427 2107 iam
441 2067 548 2109 enunciata
557 2067 757 2121 probememinisset3

43 2158 70 2184 arr
87 2141 184 2183 debeatur
197 2140 344 2195 perspicuitatis
358 2141 435 2190 studio,
453 2141 548 2197 equidem
560 2141 656 2184 dirimere
668 2159 710 2185 non
723 2160 759 2187 au-

43 2219 88 2260 sim.
111 2217 181 2258 Unum
193 2214 251 2266 nori,
268 2216 284 2256 si
297 2215 343 2272 quis
356 2214 491 2271 reprehendat
499 2230 594 2266 raanan,
606 2216 760 2272 reprehendens

44 2293 94 2335 dum
108 2305 191 2348 quoqne
204 2305 244 2331 esse
258 2306 423 2341 xnnorraonrnu,
438 2291 474 2347 qui
486 2292 601 2332 Pronomen
614 2292 758 2337 eodemmodo

45 2367 147 2409 interdum
164 2364 267 2421 repetierit
289 2364 327 2424 (3).
358 2366 452 2409 Ceterum
465 2365 503 2407 hac
516 2365 538 2407 in
552 2365 705 2409 orationenihil
718 2377 758 2419 est,

67 2503 91 2545 (1)
103 2500 146 2533 Non.
161 2502 204 2532 Test.
219 2499 277 2533 Graec.
289 2501 305 2532 b.
317 2502 329 2533 l.

67 2564 91 2609 (2)
104 2565 146 2597 aaa.
162 2563 180 2594 T
179 2568 208 2596 est.
222 2564 252 2596 Gr.
262 2569 279 2595 οἱ
291 2565 327 2595 Lat.
340 2575 361 2596 aa
373 2575 434 2597 recens,
446 2573 515 2596 nasein
528 2569 557 2599 ete,
570 2564 588 2595 ad
600 2564 616 2596 b.
628 2566 639 2597 l.

66 2626 92 2672 (3)
112 2625 185 2668 Exempla
202 2625 282 2670 descripsit
300 2636 393 2668 natantis,
406 2625 496 2669 cassatae
511 2627 540 2657 Gr.
557 2628 627 2660 Grcmm.
645 2628 687 2670 Lips.
706 2628 756 2659 leot.

42 2701 58 2733 p.
73 2690 112 2721 642.
136 2688 183 2719 Recte
200 2689 245 2719 etiam
263 2696 351 2720 undantius
368 2687 422 2719 attulit
436 2692 471 2720 Aac.
484 2687 525 2719 VH:
536 2690 564 2721 21,
588 2687 617 2720 Sed
629 2688 710 2721 dissimiles
721 2695 757 2721 sunt
