1650 2790
236 46 280 102 111.
297 61 312 101 r.
330 75 384 101 αα.
403 62 440 108 15,
459 62 497 110 ro,
516 60 549 99 ιι,
727 58 753 97 75

40 201 81 233 tem
100 191 187 229 fratrum
207 186 337 227 laudatorum
356 185 476 242 significant.
514 185 572 238 Quae
588 195 636 225 eum
655 182 685 222 ita
705 180 754 228 sint,

39 264 130 308 Protnsin
146 262 189 303 sine
204 261 300 317 scrupulo
317 261 406 317 explico:
421 261 446 304 ff
444 267 505 304 ateor
512 261 599 319 quidem
609 273 655 300 esse
666 270 755 315 qnoque,

39 341 79 398 γαί
95 337 192 381 ιάνὶιίίιιο
214 337 302 395 litisque
316 337 431 380 monendae
450 353 517 380 conso
534 350 640 379 ennrsrurr
653 332 757 393 proedr'-

41 421 101 466 cent;
118 413 222 469 Apodosin
236 421 315 456 eutem:
331 414 372 456 sed
387 420 438 456 erint
457 428 550 472 quoqne,
566 414 606 469 qni
620 412 659 453 ίιοο
675 414 757 469 agant,

40 496 64 533 nt
75 491 187 548 placitum
210 504 271 531 snum
298 491 412 548 benignum
435 484 616 546 (benevolentiam)
634 486 756 536 ostendant.

41 565 141 608 Posterius
159 565 223 623 igitur
243 566 361 608 membrum
381 579 447 621 aeque
468 579 492 607 ao
513 563 570 618 prius
586 561 702 603 ahsolutum
718 568 757 610 est,

41 635 109 696 neque
124 638 243 683 adstrictum
259 655 318 683 versu
338 640 481 697 praecedenti;
498 638 533 682 sed
545 637 585 680 hoe
601 652 643 679 non
662 635 758 691 impedit,

43 716 152 771 quominus
167 716 275 772 Apostolus
288 715 324 758 hte
335 717 357 757 in
372 724 441 758 mente
455 715 551 757 hahuerit:
558 713 669 755 nonnullos
682 726 760 760 eorum,

42 791 78 846 qui
90 790 119 832 ihi
131 790 282 833 deseribuntur.
312 792 334 833 Si
346 800 415 834 nutem
431 792 541 841 sumimus,
558 804 607 831 eum
623 788 725 844 scripsisse
732 806 762 831 τι·

43 865 75 914 νὲς
90 866 113 907 or
127 865 171 917 καί,
186 873 216 916 et,
232 867 281 922 quia
293 873 381 924 portem
397 873 480 910 tontum
495 867 585 909 z'llotnm
600 865 623 906 in
640 871 710 905 mente
722 862 762 912 ha-

43 940 111 990 beret,
128 947 147 980 et
162 955 202 996 quo
216 942 298 997 plenior
315 950 366 984 esset
380 932 500 994 Antithesis,
514 942 653 991 difficultates,
669 938 708 980 nisi
721 938 762 980 fal-

44 1016 86 1065 lor,
102 1024 221 1057 amoventur
235 1016 285 1058 huie
298 1018 461 1073 interpretationi
474 1033 535 1073 supra
543 1016 652 1073 oppositae.
667 1015 762 1057 Ceterum

45 1089 218 1144 Praepositionem
240 1090 275 1135 ιλιιί
295 1107 344 1133 eum
362 1092 482 1134 Accusativo
499 1093 521 1133 in
538 1091 655 1133 huiusmodi
671 1091 763 1132 oratione

46 1180 134 1207 consent
149 1166 275 1223 significare,
291 1183 328 1210 eur
341 1167 420 1224 aliquid
434 1168 513 1210 laetum
528 1167 564 1217 sit,
578 1166 619 1208 loei
634 1166 709 1207 similes
724 1165 764 1207 do—

47 1247 94 1281 eent
109 1240 154 1282 sutis
163 1241 234 1292 multi,
251 1257 301 1298 quos
312 1258 476 1294 sennnesrenm,
489 1256 589 1287 wnnmns
597 1248 617 1282 et
624 1253 764 1283 rnnrserrnm-

47 1328 110 1356 renus
126 1325 277 1373 congesserunt.
302 1317 362 1360 Heud
375 1318 444 1360 minus
458 1333 532 1375 sequor
539 1319 671 1374 frequentem
678 1317 765 1373 loquen-

47 1388 68 1429 di
83 1404 150 1441 usum,
164 1406 235 1433 vocem
246 1393 336 1436 εοίλοκίαν
349 1393 436 1436 reddens
446 1394 517 1436 Latino
525 1394 635 1452 placitum
643 1393 766 1449 benegnnm,

48 1478 101 1519 quae
114 1466 171 1507 notio
184 1467 245 1509 etiam
260 1483 304 1523 rap.
319 1469 387 1511 11:13
402 1476 472 1512 exstat.
493 1468 554 1522 Quod
565 1466 765 1522 eutemhnudpauei

48 1539 172 1596 interpretes
193 1543 259 1584 verbis
277 1543 311 1586 δια
324 1541 403 1600 φθίνον
416 1545 449 1587 καὶ
462 1543 502 1602 ἔριν
516 1551 535 1585 et
551 1545 576 1586 δι’
588 1543 678 1587 εὐδοκίαν
692 1542 717 1584 ad
732 1557 766 1583 er-

49 1614 165 1669 plicandam
178 1625 270 1659 mentem
283 1618 375 1673 Apostoli
390 1618 521 1669 adiecerunt,
536 1618 596 1660 huius
611 1619 653 1660 loei
666 1632 708 1659 non
727 1624 766 1659 est:

50 1690 148 1744 quoniam
169 1692 277 1747 Apostolus
301 1695 391 1736 oratione
409 1693 444 1736 hle
462 1710 510 1737 usus
526 1701 556 1736 est
573 1708 624 1751 vogn
639 1701 659 1736 et
674 1693 767 1743 infinita,

50 1762 156 1819 deinceps,
172 1766 223 1822 quid
237 1767 332 1818 sentiret,
349 1768 476 1811 definiturus.

325 1917 380 1944 vrns.
398 1907 436 1953 16,
454 1906 488 1945 17.

80 1989 175 2033 Definitio
190 1992 225 2034 ille
239 1994 341 2050 reperitur
358 1995 380 2036 in
396 1995 476 2037 duobus
492 1995 523 2037 his
538 1995 638 2037 versibus:
656 1994 682 2038 Οἱ
695 1995 733 2049 μὲν
748 1996 769 2044 ἐξ

51 2065 139 2130 ἐριθείας
155 2067 190 2110 τόν
202 2067 291 2124 Χοιστον
303 2070 469 2125 καταγγέλλουσιν
481 2071 521 2125 οὐχ
535 2072 610 2126 α’γνιῦς,
626 2068 710 2125 οἰόμενοι
721 2070 769 2113 ott-

51 2150 88 2192 ψιν
101 2141 200 2199 ἐπιφέρειν
214 2149 256 2194 τοῖς
268 2146 350 2198 δεσμοῖς
361 2163 408 2199 μου·
422 2146 441 2189 οἱ
457 2147 491 2199 tt,
506 2148 528 2197 ἐξ
542 2146 633 2203 α’γιίιιιγς,
647 2145 728 2197 εἰδότες,
740 2141 770 2188 ὅτι

51 2218 78 2266 εἷς
96 2218 206 2275 ἀπολογίαν
222 2225 259 2264 τοῦ
276 2221 388 2278 εὐαγγελίου
407 2227 478 2276 κεῖμαι,
510 2222 551 2264 Sed
566 2222 686 2279 priusquam
701 2235 772 2263 versus

52 2290 97 2333 illos
109 2295 278 2351 interpretemur,
294 2297 319 2339 de
334 2312 406 2340 eorum
421 2305 441 2340 et
453 2297 543 2355 genuina
554 2299 674 2354 scriptione,
688 2304 708 2338 et
722 2312 770 2338 vera

53 2363 183 2413 distinetione
197 2371 297 2415 iudicium
312 2374 420 2415 ferendum
436 2381 471 2416 est.

82 2441 115 2482 Ab
129 2443 223 2488 Editione
237 2456 320 2504 receptu
334 2448 395 2491 hodie
410 2449 505 2506 plerique
518 2448 572 2494 V.V.
588 2448 638 2491 DJ).
652 2447 771 2497 discedunt,

53 2516 142 2559 versibus
163 2523 200 2572 16,
222 2525 247 2564 17
267 2525 431 2581 transponendis,
447 2533 470 2566 ut
485 2525 551 2567 verbis
568 2533 648 2568 tontum
668 2526 687 2568 οἱ
699 2528 738 2582 μέν
752 2530 772 2564 θλ

54 2590 73 2632 οἱ
86 2591 110 2635 λε’
122 2592 193 2637 loeum
213 2600 416 2657 suumtrelinquunt.
447 2601 508 2654 Quod
524 2608 544 2642 et
563 2600 663 2644 librorum
680 2610 772 2645 veterum

56 2666 169 2711 testimonio
184 2672 271 2726 probare
286 2670 396 2729 conantur,
412 2685 432 2720 et
446 2678 582 2734 argumentis,
598 2691 651 2734 quae
664 2677 772 2727 dicuntur,
