1650 2790
259 50 515 97 csr.l.veus127,28.
597 68 604 72 -
662 70 666 74 -
707 46 746 85 tou

39 180 119 224 terbum
140 171 219 216 σ’κούσω
240 186 287 213 cum
307 170 437 226 sequentihus
459 165 489 213 det
507 168 584 225 στήκετε
602 168 744 223 coniungunt„

38 252 101 297 media
122 262 169 289 vero
187 244 214 289 en*
233 245 277 302 περὶ
294 244 363 298 ὑμῶν,
385 252 407 286 ut
423 244 519 287 vertendo
535 243 624 286 reddunt
636 241 695 301 qttod
709 256 745 282 res

36 332 118 371 vestras
133 323 222 371 attinet,
237 321 265 361 ita
280 319 370 362 absolute
384 319 448 376 posita
464 334 505 361 esse
517 326 595 374 putant.
627 318 670 367 Sed
680 317 711 360 'sic
723 317 744 358 in

37 400 146 444 oraticnem
163 395 268 438 inducitur
283 394 428 445 redundantia,
443 409 506 451 quae,
524 394 614 448 quamvis
630 408 744 435 numincu-

35 491 75 518 srus
94 488 138 516 eum
154 472 191 513 sibi
209 486 250 513 non
270 470 374 512 offensioni
397 484 439 511 esse
460 468 581 518 declaravit,
606 475 646 508 tarn
665 469 744 524 ingrata

36 560 101 592 tamen
121 555 141 589 ct
159 548 184 589 ab
200 546 255 588 omni
270 559 363 587 sermone
378 544 443 585 aliena
453 542 549 592 ridetur,
562 549 586 583 ut
599 542 648 583 ferri
662 557 743 598 prorsus

35 632 127 680 nequeat.
163 621 223 676 Quod
240 628 284 676 post
299 633 395 662 encrron
412 616 516 659 contendit
531 630 614 667 currus,
629 616 743 658 Articulum

34 698 58 743 τά
72 699 106 741 tto
120 699 142 740 iu
157 698 223 740 vicen]
238 693 365 737 Pronominis
376 695 440 735 τοῦτο
454 692 582 742 successisse,
595 692 636 733 iam
644 706 705 747 supra
713 691 743 750 (1)

36 774 119 815 uidimus
134 788 145 815 a
161 772 241 814 dicendi
256 769 333 811 ratione
348 767 479 822 scriptoribus
494 767 545 809 Nori
563 767 687 809 Testamenti
702 768 744 809 usi-

35 856 74 890 tata
89 846 193 889 recedere:
210 859 273 901 quare
289 851 308 885 et
323 843 396 883 frustra
411 841 437 883 ad
452 841 505 884 hanc
518 843 690 898 permutationem
698 858 744 899 pro-

34 921 121 964 hundam
136 921 249 963 excitantur
264 917 339 960 litore.
353 917 393 958 IX:
410 918 437 959 23
454 923 474 958 et
489 916 551 959 Hom.
567 918 655 961 Xl÷2e
674 918 745 975 Itaque

34 996 84 1038 nihil
99 994 154 1037 aliud
170 1001 241 1044 restat,
257 1007 319 1050 quam
329 999 352 1032 ut
359 991 421 1033 rerba
434 988 513 1034 ἀκούσω
523 991 549 1034 τοὶ
560 993 604 1048 περὶ
614 992 682 1046 ὑμῶν,
690 1007 744 1035 uera

34 1087 69 1113 suo
83 1070 107 1112 iis
123 1070 204 1119 relicto,
221 1067 334 1110 secundum
346 1066 450 1108 notionem
461 1065 576 1123 uulgarem,
585 1067 744 1123 interpretemur

33 1145 121 1187 ortelium
137 1159 173 1185 res
187 1150 285 1185 cestros:
302 1155 354 1199 (puae
370 1148 389 1182 et
405 1141 502 1191 aliorum,
520 1148 539 1182 et
553 1156 637 1183 srenrur
645 1143 744 1184 sententia

34 1228 68 1262 est.
98 1220 125 1261 At
137 1234 184 1261 tero
201 1218 243 1259 talis
259 1224 288 1259 est
303 1216 415 1259 adhortatio
430 1215 565 1273 praecedens,
586 1224 648 1259 utne
662 1218 745 1259 credere

34 1310 101 1336 rursus
116 1296 201 1350 possim,
217 1308 298 1336 raucum
314 1293 333 1334 ei
347 1292 387 1334 lrcc
402 1291 507 1343 adiecisse,
524 1292 559 1334 sed
567 1293 671 1349 requiram
679 1293 744 1334 omni-

33 1384 59 1410 no
75 1369 165 1411 aetoliam
179 1370 232 1412 torto
251 1369 282 1410 vel
298 1367 418 1410 ῖοῑοοῖωοίίοο
434 1366 460 1408 dc
474 1367 543 1418 cobis,
561 1368 593 1409 rel
608 1374 689 1410 tantum
702 1383 744 1410 σοι-

33 1444 92 1485 dz'om
115 1444 141 1486 de
162 1445 231 1495 codis,
256 1444 311 1500 quod
326 1443 402 1485 hahent
418 1439 490 1499 Syrus
508 1441 578 1484 Vetus
591 1451 611 1484 ct
630 1442 744 1500 Vulgotus

33 1519 134 1569 Zotz'tms,
156 1518 196 1561 hoc
217 1519 300 1560 nomine
321 1516 397 1559 laudati
418 1532 430 1558 a
451 1532 545 1559 Laeuino
566 1518 657 1575 aliisque.
688 1519 743 1572 Quid

32 1594 109 1649 igitur?
138 1594 170 1635 An
190 1592 302 1649 premenda
318 1600 364 1634 sunt
379 1591 440 1634 huius
455 1593 561 1650 utriusque
575 1593 693 1649 interpretis
707 1609 744 1635 re—

32 1668 100 1724 migia,
117 1676 140 1709 ut
154 1669 271 1710 Articulum
285 1667 311 1711 τά
325 1667 374 1711 hinc
388 1669 527 1724 expellamus?
550 1668 617 1711 Immo
631 1669 713 1711 Graecis
722 1670 743 1711 in

33 1742 88 1783 libris
103 1743 196 1784 omnibus
210 1743 315 1785 Articulus
331 1743 416 1799 legitur3
433 1744 459 1785 al)
474 1743 514 1785 illis
528 1758 576 1785 rero
590 1743 647 1786 nulla
663 1744 703 1785 alia
718 1743 744 1785 dc

33 1831 92 1859 causa
110 1818 193 1859 omissus
210 1833 251 1860 esse
271 1818 362 1868 videtur,
384 1833 446 1874 quam
466 1818 522 1875 quod
543 1818 592 1860 ferri
606 1833 648 1860 non
665 1827 744 1875 poterat

32 1892 144 1934 secundum
157 1892 263 1944 orationis,
284 1907 347 1950 quam
365 1893 478 1953 iaciebant,
494 1901 623 1937 structuram.
654 1895 744 1936 Breviter

33 1966 109 2017 dicum,
130 1967 230 2009 medelam
257 1966 306 2009 huic
324 1969 369 2009 loco
390 1968 456 2010 multo
477 1970 574 2011 tutiorem
600 1969 703 2020 adhiberi,
728 1969 744 2010 si

33 2056 143 2092 sumamus,
168 2043 185 2084 ei
208 2043 315 2099 cogitando
335 2043 418 2099 aliquod
439 2044 570 2087 inserendum
590 2061 632 2087 esse
646 2045 743 2094 verbum,

33 2115 87 2169 quod
100 2117 226 2164 festinatione
241 2124 312 2159 auctor
327 2117 436 2160 reticuerit.
467 2120 492 2159 Et
509 2120 594 2161 rerhurn
609 2121 693 2176 quidem
708 2120 741 2162 εὕ-

32 2195 118 2243 φοονθοῖ
137 2193 236 2234 formulae
256 2191 283 2235 w)
297 2194 340 2249 περὶ
354 2193 413 2247 ὑμῶν
431 2194 598 2251 subiungendum
611 2211 653 2238 esse
670 2196 743 2237 diserte

33 2266 110 2306 monuit
131 2281 265 2310 OEGUMEMUS.
305 2267 366 2321 Quod
393 2269 476 2311 fortasse
499 2270 559 2311 etiam
582 2285 743 2319 cnmrsosrouo7

32 2352 167 2384 rnuononuro
191 2351 211 2384 et
231 2357 396 2386 rnuorurmcro
416 2345 499 2400 placuit.
534 2346 702 2401 Equidem'rerc
718 2361 741 2387 er

32 2412 166 2466 superioribus
182 2426 273 2473 repetere
288 2420 341 2461 malo
350 2417 439 2472 ιῖκούσω,
454 2427 477 2460 ut
490 2420 552 2462 oratic
561 2422 589 2463 sic
598 2422 741 2463 constituatur:

28 2486 72 2538 ive,
92 2486 128 2530 ster
146 2490 214 2534 ἐλθών
230 2495 263 2535 noi
282 2494 331 2537 idcir
350 2495 414 2549 οἷμᾶς,
433 2494 470 2537 εἴτε
487 2494 543 2538 onita
563 2493 641 2544 (troico
658 2495 685 2539 ut
698 2498 743 2554 need

35 2589 195 2599 ,ἢ

43 2651 78 2694 ·(l)
90 2656 156 2686 Introit
168 2667 185 2697 p.
198 2660 218 2698 2,
231 2661 247 2690 3.
278 2653 280 2658 ’
