1650 2790
69 63 109 103 198
293 58 376 101 66611.
390 71 447 100 unns.
461 59 499 107 25,
516 59 551 99 26.

66 183 128 226 verbo
137 182 262 239 'Apostolum
277 180 376 223 Partem
390 185 416 223 12
431 196 491 224 usum
507 196 549 223 esse
563 188 613 236 puto
628 181 653 223 de
671 180 776 236 Onesima,

65 258 157 302 librarios
172 272 220 300 rere
235 257 373 313 compositum
389 257 496 313 ἀνέπεμψα
509 272 546 313 pro
557 272 580 299 66
589 257 720 310 substituisse,
730 274 777 302 cum

65 349 108 377 666
120 332 266 390 intelligerent,
277 332 390 384 hominem,
406 334 442 389 qui
455 348 475 375 se
488 341 559 389 sponte
571 349 613 385 sua,
627 341 647 375 et
655 335 738 391 quidem
746 335 778 377 su-

65 410 146 467 gitivus,
155 411 272 452 contulisset
278 411 371 461 Romam,
379 409 435 451 haud
442 409 509 451 minus
517 410 624 453 commode
630 409 680 453 here
687 413 778 452 566665-

64 498 118 536 ariri,
129 500 191 542 quam
206 488 319 529 remissam
327 485 377 529 dici.
392 485 487 528 Ceterum
499 500 569 528 omnes
581 493 664 538 norunt,
672 493 778 529 auctorem

63 573 102 600 usu
116 559 192 601 Aoristi
204 558 310 617 ἡγησάμην
322 561 402 602 morem
413 567 507 603 secutum
519 575 562 602 esse
573 561 700 603 Graecorum
711 567 731 602 et
736 561 778 602 Ro-

62 648 188 686 manorum,
200 636 236 691 qui
251 635 315 691 magis
328 635 436 692 temporis,
454 651 495 692 quo
508 636 579 678 literae
591 643 686 691 acceptae
699 636 777 687 forent,

63 723 126 765 quam
144 725 185 767 quo
200 710 352 762 scribebantur,
367 711 468 753 rationem
481 710 589 761 babentes,
603 710 717 765 praesentia
729 717 778 753 tan-

62 799 125 841 quam
145 786 255 841 praeterita
271 787 419 843 proponebant.
449 787 480 828 lta
493 793 513 827 et
526 800 554 828 vs.
570 788 597 828 28
614 785 702 842 legimus
716 784 777 840 ἔπεμ-

61 871 94 914 ψα
109 859 148 919 (1)
178 861 287 917 Disputatis
300 861 353 904 hano
367 862 439 905 adiicio
453 861 650 918 interpretationem:
668 861 777 904 Necessa-

61 938 119 977 νίἰινι
134 942 206 978 arietem
221 937 278 978 dieii
295 952 469 988 nrnranomauru,
486 939 557 979 ciram
578 937 672 979 eiusdem
688 943 709 979 et
721 938 777 979 reli-

59 1012 147 1067 gionis,
162 1016 183 1051 et
198 1010 293 1065 laboris,
307 1019 327 1051 et
340 1014 469 1053 certaminis
484 1027 563 1054 mecum
574 1015 722 1071 participem,
736 1028 776 1055 oe—

60 1090 130 1126 strum
149 1099 200 1126 vera
220 1085 315 1142 legatum
334 1091 356 1126 et
367 1087 505 1140 mitiis-trum,
518 1089 556 1143 pai
568 1091 707 1131 necessitates
719 1092 776 1131 citae

59 1160 116 1201 milri
129 1160 291 1218 siippeditaoit,
305 1159 337 1201 ad
348 1175 385 1202 665
399 1163 492 1202 mittere.

366 1342 421 1368 6665.
438 1329 473 1369 26.

88 1462 156 1514 Quare
176 1475 340 1502 srnrnncomum
364 1475 420 1503 nunc
439 1460 558 1519 Philippos
578 1462 655 1502 mittit?
685 1462 774 1519 Ἐπειιῖἠ,

57 1537 95 1586 ait,
110 1538 218 1579 ἐπιποθῶν
231 1532 258 1592 ἦν
270 1532 346 1585 πάντας
358 1535 412 1589 tiaris
425 1537 458 1578 καὶ
471 1535 589 1592 ἀδημονῶν,
604 1536 655 1580 διότι
667 1534 765 1594 ἠκούσατε
768 1570 775 1589 ,

57 1609 87 1655 ὅτι
99 1611 214 1667 ἠσθένησα
229 1611 332 1667 precariam
348 1615 442 1651 cestram
456 1612 549 1651 amariano
564 1610 674 1652 desiderio
681 1612 774 1669 fereba-

58 1693 95 1727 tur
109 1691 130 1727 et
142 1686 277 1743 gravissime
289 1684 417 1742 erigebatur,
427 1690 549 1742 propterea
560 1685 618 1742 quod
626 1686 774 1738 aaudiaissetis,

57 1776 105 1803 aerii
121 1765 246 1818 aegrotare.
278 1759 411 1814 Participium
426 1761 543 1811 ἐπιποθῶν,
557 1760 633 1802 utiam
650 1761 736 1803 vidimus
749 1762 774 1805 ad

61 1836 115 1894 Cap.
131 1837 152 1877 1:
167 1840 193 1886 8,
209 1835 264 1876 idem
278 1836 331 1876 valet
346 1842 407 1891 atquc
420 1837 525 1878 ἐπιποθῶν
538 1838 599 1888 ἰδεῖν,
613 1837 773 1893 quodVerbum,

57 1910 174 1953 mirandum
187 1925 230 1951 666
244 1918 284 1960 est,
299 1910 324 1951 ab
337 1909 393 1952 haud
404 1911 474 1965 [raucis
487 1911 581 1954 librariis
595 1921 614 1954 ct
626 1914 774 1970 interpretibus

59 1987 146 2029 orationi
162 1986 266 2028 adiectum
280 2000 327 2028 csse.
358 1985 453 2028 Ceterum
464 1985 504 2029 hoc
516 1988 538 2029 in
551 2002 612 2029 versu
624 1987 676 2030 nibil
687 1990 775 2046 amplius

59 2070 98 2113 cst,
121 2062 177 2119 qarod
194 2062 329 2104 illustratione
342 2061 439 2119 indigeat.
470 2063 499 2103 Ex
511 2077 535 2104 eo
548 2071 617 2105 autem
629 2064 774 2123 intelligimus,

60 2146 81 2180 et
93 2138 190 2179 morbum
203 2152 344 2179 nrarnnonral
359 2137 480 2180 nunciatum
491 2153 534 2179 6556
546 2138 739 2198 Philippensibus,
754 2148 775 2181 ct

60 2213 115 2270 quod
133 2213 163 2254 illi
178 2212 299 2255 audivissent
317 2214 462 2255 renunciatum
477 2228 519 2254 6556
534 2229 608 2257 ritune.
639 2215 683 2256 lam
704 2215 774 2271 quaeri

59 2297 135 2347 potest,
158 2288 260 2345 quomodo
282 2288 321 2330 lroe
341 2288 422 2330 adeius
436 2288 530 2330 notitiam
544 2290 665 2345 pervenerit.
696 2292 774 2333 Ususnc

58 2366 212 2423 peregrinatam
233 2373 272 2415 est,
293 2378 363 2407 rerum
377 2378 459 2405 suarum
474 2378 532 2406 causa
547 2363 715 2408 extracedente
728 2366 775 2409 130-

59 2458 116 2484 mata
135 2443 237 2498 prolecto,
261 2457 286 2483 an
307 2440 368 2482 ‹lorno
387 2439 441 2482 missi
464 2447 511 2482 sunt
535 2439 666 2483 sciscitatum>
678 2442 704 2484 dc
723 2458 774 2486 nra-

59 2532 179 2568 6666666,
202 2517 257 2575 queri
279 2517 392 2558 referrent?
423 2515 469 2559 Siue
488 2515 527 2558 hoc
548 2531 582 2558 sou
602 2517 653 2561 illud
669 2520 774 2574 ‘praescri-

84 2675 110 2720 (1)
123 2677 147 2708 Cl.
161 2685 211 2708 6166,
224 2678 242 2709 P.
255 2678 267 2707 1,
280 2689 295 2720 p.
309 2677 347 2708 352.
