1650 2790
65 60 105 98 154
300 71 344 99 ear.
360 57 385 99 ll.
403 72 458 98 vnns.
476 59 495 108 7,
512 62 532 100 8.

62 180 120 222 iubet
135 194 182 221 usus
193 178 298 221 Adiectiro
310 178 397 237 ὑπήκοος
410 180 517 239 cogitando
526 180 675 224 adiicillomen'
683 183 739 242 Θεῷ,
752 191 774 224 ut

62 262 146 311 apparet
169 268 192 295 ex
216 254 278 298 Rom.
292 255 321 300 V:
339 258 372 299 19.
391 255 499 301 Habet:
516 260 528 300 8
545 255 630 312 aliisque
643 256 703 307 loeis,
723 271 773 312 quos

64 329 132 371 attulit
146 343 241 371 suerrus.
271 330 296 371 Et
312 331 403 387 quamvis
416 346 514 374 ennrsrus
529 347 549 373 se
563 331 588 373 ab
602 330 718 373 adversariis
734 331 774 373 suis

63 406 116 448 male
131 406 212 447 tractari
225 421 292 462 passus
307 414 345 459 est,
362 422 431 449 nonne
443 415 511 449 tamen
520 421 608 450 ennrsro
617 407 682 449 aliena
694 406 772 458 tribuit,

63 481 99 537 qui
113 495 161 522 eum
174 480 281 524 hominum
291 482 375 523 illorum
387 482 516 524 obedientem
527 482 576 525 facit
587 481 701 524 voluntati?
716 482 774 535 Quae

64 555 79 596 si
92 555 146 598 bene
162 556 262 613 disputata
272 564 328 608 sunt,
343 572 401 599 mens
412 571 473 600 rerer
481 571 563 614 quoque
576 572 618 599 esse
625 556 704 613 nequit,
712 570 774 613 quam

64 631 82 671 ei
101 632 201 688 affingunt
221 647 364 676 sucnrruerus
383 634 469 690 aliique,
486 646 591 675 eunrsruu
608 634 704 689 primum
722 631 773 673 obe-

64 706 155 748 dientem
168 707 256 763 foetum
275 721 321 749 esse
338 707 397 763 Deo,
418 709 495 750 deivido
513 714 544 759 et,
558 722 585 748 ex
597 706 772 760 Deiooluntote,

63 781 206 840 Praeez'pibas
220 781 354 824 Izrdoeorzem
367 789 387 825 et
399 783 509 827 Praestet
524 797 606 842 erroro.
637 780 706 836 Quid?
719 780 774 838 quod

64 871 112 898 usus
126 856 217 898 eiusdem
229 857 283 899 vocis
295 856 381 915 ὑπήκοος
394 859 419 901 ad
430 859 592 917 significandum,
600 855 703 914 quomodo
711 870 774 898 cnar—

64 946 111 974 srus
130 948 151 974 se
170 947 218 989 erga
230 933 297 973 Deunr
310 933 462 974 Sanctissimum
477 940 497 974 et
509 932 602 974 homines
617 930 776 989 improbissimos

65 1008 158 1063 gesserit,
173 1008 234 1062 plane
246 1007 344 1049 absurdus
357 1007 443 1050 videtur.
473 1009 534 1061 Quod
548 1016 617 1051 autem
634 1002 694 1065 supra
710 1009 776 1051 inter-

63 1082 172 1138 pretationi
184 1082 250 1124 adieci
265 1085 323 1123 ormi
334 1085 356 1124 ππ
370 1097 405 1134 re,
420 1098 467 1125 meo
478 1098 520 1125 non
534 1085 612 1126 factum
625 1092 654 1126 est
667 1084 775 1133 arbitratu,

64 1155 98 1198 sed
114 1165 197 1213 propter
212 1158 317 1215 sequentia
331 1157 391 1216 μέχρι
404 1155 508 1211 θανᾶτου,
521 1159 596 1215 quibus
611 1159 687 1201 indicat
706 1165 776 1201 auctor

64 1232 191 1275 obedientiae
204 1236 377 1292 perpetuitatem
396 1234 459 1276 hored
476 1236 637 1289 intermissam,
656 1233 722 1276 detrec
739 1233 775 1274 ille

63 1314 198 1360 moreretur,
215 1324 251 1350 seu
268 1310 329 1350 morti
347 1324 367 1350 se
390 1309 490 1360 traderet,
509 1317 533 1351 ut
551 1309 625 1351 docent
642 1309 683 1351 loei
702 1308 776 1350 similes

64 1383 114 1426 Aet.
127 1384 178 1425 XX:
194 1387 214 1426 7.
230 1384 292 1426 nom.
307 1385 337 1429 V:
355 1386 389 1427 14.
407 1384 488 1427 sz'm.
502 1385 543 1429 VI:
558 1386 597 1435 14,
610 1384 777 1440 ubiPraepositio

63 1459 123 1517 μέχρι
137 1459 223 1502 eandem
235 1460 277 1502 rin]
289 1459 356 1502 habet.
386 1461 416 1502 Ex
430 1461 473 1503 aliis
485 1475 540 1512 sero,
552 1461 693 1516 praesertimZ
705 1458 776 1501 More.

64 1535 126 1577 Xlll:
150 1537 178 1577 14
199 1544 219 1577 et
236 1536 270 1577 rel
289 1535 350 1578 Phil.
365 1536 394 1576 H:
411 1539 451 1587 30,
467 1535 527 1577 simul
544 1531 637 1591 apparet,
653 1549 687 1576 me
705 1547 777 1576 vocem

64 1608 157 1653 θανάτου
176 1611 230 1652 bene
251 1610 407 1667 interpretatum
426 1625 467 1652 esse
486 1609 524 1668 (1).
563 1610 641 1662 Quibus
661 1609 778 1650 considera-

65 1684 101 1735 tis,
123 1685 202 1727 nullam
219 1687 262 1727 esse
278 1685 390 1728 videbimus
403 1700 497 1736 causant,
512 1700 559 1736 eur,
574 1692 652 1727 mutata
667 1683 777 1726 distinetio-

65 1774 102 1811 ne,
117 1759 169 1803 haee
180 1760 224 1816 ipsa
237 1760 298 1818 μέχρι
311 1758 403 1805 θανᾶτου
417 1761 542 1804 adverbum
556 1760 674 1803 ἐταπείνωσε
687 1760 779 1809 referan-

66 1843 109 1887 tur,
124 1845 148 1878 ut
160 1837 238 1892 placuit
250 1837 311 1879 etiam
326 1852 437 1880 nnncnsro.
466 1837 533 1878 Immo
546 1836 584 1878 bae
596 1842 697 1878 structure
714 1842 734 1877 et
749 1834 779 1876 ris

64 1912 163 1953 formulae
176 1912 317 1968 praecedentis
330 1910 432 1968 γενόμενος
444 1909 531 1968 ὑπήκοος
544 1910 675 1953 vehementer
681 1910 779 1967 infringi-

66 1995 111 2039 tur,
128 1996 148 2030 et
163 1989 279 2030 coalescunt
290 1988 342 2040 duo,
359 2002 448 2044 quorum
462 1995 574 2045 utrumque
588 1986 626 2028 sibi
639 1993 731 2040 constare
743 2000 779 2027 ne-

67 2077 122 2105 cesse
138 2071 178 2117 est,
198 2079 225 2105 ne
243 2065 371 2119 superiorum
391 2062 463 2107 ἑαυτὸν
476 2061 558 2107 ἒκέοοοσε
578 2069 597 2103 et
611 2060 692 2119 μορφήν
705 2058 779 2124 dodlov

67 2137 135 2195 λαβών
148 2139 240 2180 alterutri
252 2137 313 2190 desit,
330 2137 386 2195 quod
398 2138 436 2180 sibi
450 2137 553 2194 sigillatim
566 2135 693 2192 respondeat.
722 2135 779 2177 Cete-

67 2230 114 2256 rum
128 2214 255 2257 obedientiae
267 2229 351 2257 ennrsrr
365 2228 464 2270 magnum
478 2214 586 2255 cumulum
598 2211 676 2254 addunt
685 2209 780 2252 adiuncta

66 2288 158 2334 θανάτου
171 2290 196 2332 δὲ
209 2293 308 2346 σταυροῦ,
327 2296 348 2332 et
359 2289 445 2347 quidem
457 2293 578 2330 moreretur
588 2289 613 2328 οόο
629 2300 698 2328 eruce.
728 2286 780 2327 Par-

68 2367 152 2408 ticulanr
168 2365 223 2407 enim
237 2363 259 2408 δὲ
273 2365 308 2407 tali
321 2366 342 2408 in
357 2364 448 2407 oratione
463 2363 552 2421 augendi
565 2362 607 2403 vim
621 2360 707 2412 habere,
725 2367 781 2403 recte

35 2477 37 2480 s
68 2449 193 2484 monuerunt
205 2455 319 2485 nannenus
328 2449 348 2484 et
357 2454 458 2483 nonnus:
475 2439 530 2497 quod
544 2446 612 2480 tamen
625 2453 673 2481 cum
684 2452 709 2479 ex
721 2435 781 2478 omis-

68 2517 123 2559 sione
137 2518 201 2563 Verbi
213 2516 264 2574 λέγω
279 2516 371 2561 exortum
388 2518 424 2568 sit,
439 2515 488 2558 inde
501 2530 543 2558 non
552 2515 655 2572 sequitur,
664 2528 736 2556 vocem
744 2509 781 2554 sibi

72 2614 231 2621 w—

90 2675 114 2719 (t)
127 2677 151 2708 ΕΓ.
166 2686 255 2710 rrrrusrrn
269 2678 288 2709 dr
301 2679 362 2718 Seston.
375 2676 409 2709 12311.
422 2678 434 2708 I.
448 2688 463 2719 p.
477 2676 497 2707 33
510 2686 543 2718 sqq.
