1650 2790
286 44 331 74 nar.
346 32 381 75 tv,
398 46 454 74 runs.
473 32 505 72 17.

346 200 402 228 riuus.
419 188 453 228 17.

77 301 158 343 Pauuns
171 316 218 344 rero
235 302 278 344 lieri
291 317 347 359 posse
359 303 424 354 ridet,
444 311 467 345 nt
485 318 505 344 se
519 303 594 345 iterum
603 293 721 345 Lectorilrus
734 302 756 341 in

49 378 183 433 suspicionem
204 378 290 420 adducat
310 393 353 420 rem
367 393 423 420 suam
437 377 529 434 cupidius
544 377 624 434 agendi.
654 379 704 419 Eam
717 377 756 433 igi-

48 460 82 494 tur
96 469 108 496 a
124 469 144 495 sc
158 453 185 494 sic
199 454 316 509 propulsare
332 454 414 510 incipit:
435 454 480 508 Οὐχ
498 450 527 497 ὅτι
545 455 632 509 ἐπιζητῶ
651 452 674 496 rii
691 451 755 506 δόμα,

50 541 112 584 quae,
129 529 145 569 si
155 528 315 585 breviloquentia
327 529 415 580 tollitur,
433 531 488 571 omui
502 529 591 571 sermoni
601 528 690 570 humano
699 543 757 570 coru·

49 604 116 645 munis
135 610 155 644 et
170 618 230 659 supra
243 604 284 645 iam
298 605 344 660 plus
364 605 426 646 semel
442 597 520 655 notata,
542 604 584 646 huc
598 604 695 645 redeunt:
725 602 758 645 lte

49 678 88 720 doc
103 681 136 720 z'ta
156 680 276 737 intelligite
291 696 317 721 oc
332 682 354 721 si
369 686 407 722 cet.
436 680 533 721 Similiter
552 695 578 721 ex
596 679 638 721 rita
655 678 759 721 communi

49 753 123 807 petitus
136 760 164 794 est
179 768 226 795 usus
240 754 351 810 Singularis
364 754 387 797 τό
400 752 453 808 δόμα
467 754 492 796 ad
505 755 561 796 dono
575 768 711 811 quaecunque
725 752 759 793 de-

50 828 148 879 notanda,
165 829 337 885 quemadmodum
352 830 445 885 sequenti
459 828 493 872 τόν
506 827 580 886 καρπόν
594 828 707 885 generatim
724 827 761 868 de-

50 910 147 945 notantur
161 904 252 959 fieretur
269 901 307 961 (1)
338 904 399 957 Quod
418 905 434 946 si
449 904 637 955 animadvertimus,
654 902 706 945 nihil
724 903 762 944 oh-

51 985 103 1019 stare
117 985 183 1034 patet,
200 978 309 1035 quominus
326 994 373 1021 cum
389 994 469 1022 cnorro
484 979 569 1035 aliisque
585 979 706 1021 retineamus
721 993 761 1019 no-

51 1052 138 1103 tionem,
155 1067 217 1107 quam
231 1054 355 1095 vocabulum
368 1054 422 1108 δόμα
438 1054 499 1111 Epir.
513 1054 552 1098 IV:
569 1057 582 1096 8
597 1054 710 1109 ceterisque
723 1053 762 1095 lra-

52 1128 87 1169 hct
101 1129 123 1170 in
138 1128 187 1170 locis
203 1129 254 1170 Nori
269 1129 402 1180 Testamenti,
422 1130 458 1171 ubi
477 1129 529 1170 illud
550 1137 617 1171 exstat.
647 1130 693 1171 Non
714 1144 763 1184 opus

52 1204 115 1259 igitur
131 1211 172 1253 est,
188 1211 212 1244 ut
231 1218 279 1246 cum
294 1219 426 1255 calinulum,
443 1205 476 1247 cui
494 1219 680 1255 nosuuuuuuunus,
700 1218 764 1246 uum-

53 1295 158 1331 nrousms,
181 1295 253 1322 ururus
272 1281 391 1330 assentiunt,
408 1287 498 1321 sumatur
512 1293 548 1335 pro
565 1278 626 1330 δόσις.
652 1280 682 1320 De
696 1279 765 1322 Verbo

53 1356 142 1411 ἐπιζητῶ
161 1356 222 1411 paulo
240 1355 341 1397 difficilior
363 1362 392 1396 est
415 1354 528 1411 disputatio.
565 1354 765 1396 Bnurscurrumuuus

53 1430 198 1485 Praepositioni
211 1429 264 1472 hanc
277 1429 319 1471 rim
331 1429 451 1471 intendendi
464 1430 528 1471 inesse
543 1436 613 1485 putat,
633 1437 657 1470 ut
672 1429 765 1473 Verbum

54 1504 159 1546 notionem
177 1504 251 1547 habeat
269 1519 325 1547 nuuc
340 1505 438 1546 studiose
452 1504 584 1562 quaerendi,
599 1518 656 1545 nunc
671 1504 767 1545 studiose

50 1580 142 1637 petendi
149 1612 154 1635 ,
171 1595 227 1633 nunc
240 1575 337 1621 studiose
350 1580 479 1638 appetendi,
494 1595 550 1622 nuno
563 1580 626 1621 coldo
640 1579 768 1621 desiderum

56 1656 86 1697 da:
115 1657 185 1697 Unum
204 1662 284 1697 tantum
303 1654 377 1710 excipit
397 1656 448 1696 Nori
469 1655 592 1697 Testamenti
616 1655 697 1707 locum,
718 1654 767 1697 Act.

55 1730 113 1771 xta:
131 1731 169 1779 39,
184 1729 220 1770 ubi
234 1728 286 1772 illud
299 1729 475 1785 interpretandum
492 1738 561 1772 censet
572 1735 650 1786 petere
664 1746 679 1771 a
697 1730 769 1772 iudice

55 1805 88 1846 rcl
106 1818 211 1861 prtaerere
225 1806 249 1845 z'n
268 1818 312 1845 reo.
343 1805 406 1845 Paulo
421 1805 479 1846 aliter
493 1819 648 1847 scnnuusnunus
666 1804 769 1861 significa-

55 1879 120 1920 tiones
140 1878 220 1929 delinit,
242 1878 315 1934 quihus
334 1879 482 1934 Compositum,
504 1894 525 1921 se
544 1878 624 1930 indice,
648 1879 769 1935 aSimplici

58 1954 142 1996 diflerat.
173 1954 345 1996 Souourrauruus
361 1951 391 2011 (2)
416 1968 475 2003 rero,
498 1961 586 2010 utroque
604 1969 646 1996 nou
661 1953 768 2003 distincto,

57 2030 149 2073 Verbum
164 2028 261 2086 ἒπιζητέω
281 2029 358 2085 ubique
371 2028 492 2084 respondero
505 2036 574 2071 monet
588 2030 662 2071 Latinis
676 2043 768 2086 prrocro,

54 2121 132 2163 posco,
154 2110 236 2162 expeto.
272 2104 392 2154 Praecessit,
416 2111 496 2159 praeter
519 2119 644 2146 sruauarruu
666 2100 769 2161 aliosque,

59 2196 150 2222 suuauus
167 2177 197 2237 (3)
214 2179 313 2222 scribens:
335 2179 423 2221 »Graeci
437 2183 508 2235 Ζητεῖν
522 2186 541 2220 et
553 2177 666 2235 Ἐπιζητεῖν
680 2187 699 2221 et
713 2179 771 2223 Ἀνα-

60 2257 125 2311 ζητεῖν
139 2255 211 2297 dicunt
223 2269 260 2312 pro
277 2253 377 2296 desiderio
392 2255 422 2295 rei
435 2254 517 2297 amissae
529 2254 595 2295 teucri
608 2255 640 2295 rel
652 2254 772 2310 praeteritae

61 2330 93 2372 rel
106 2330 205 2380 absentis,
220 2331 253 2372 rel
268 2344 313 2371 eam
325 2334 430 2384 poscere.³‘
462 2329 522 2382 Quod
536 2328 636 2371 iudicium
649 2330 709 2372 etiam
721 2344 773 2385 pro-

84 2511 108 2555 (1)
120 2513 149 2544 Cll.
161 2511 238 2555 disputata
250 2514 269 2546 ad
281 2516 318 2557 Cap.
331 2515 351 2543 l:
363 2514 391 2542 11.

85 2574 108 2618 (2)
122 2574 233 2607 truncare.
248 2578 356 2610 Gracco-Lot.
367 2576 384 2605 iu
399 2575 420 2605 ll'.
437 2574 456 2605 T.
469 2573 497 2608 Ed.
510 2584 583 2607 ttaursm·

86 2636 110 2679 (3)
122 2636 133 2667 l.
147 2648 161 2667 c.
173 2648 189 2678 p.
203 2637 253 2668 1059.
