1650 2790
335 47 449 74 irruemus.
721 36 746 75 13

39 156 142 213 negotium
164 157 273 204 lacessunt,
298 157 333 211 qui
357 170 383 196 rs.
408 158 435 198 23
459 158 584 211 ἁντικεᾲιενοι
607 159 746 213 appellantur,

39 232 113 287 quippe
128 245 178 286 quos
193 231 223 272 rei
236 229 359 272 Christianae
374 231 505 284 adversarios,
520 247 562 275 non
577 233 637 274 falsos
651 233 694 274 eius
708 232 748 274 do—

39 313 102 349 ctores
116 306 186 356 fuisse,
203 306 267 346 omnis
281 305 372 360 Apostoli
386 306 446 349 docet
461 309 529 350 oratio.
545 307 667 349 Huiusmodi
674 307 748 349 docto-

39 395 69 421 res
84 379 168 421 demum
183 394 227 436 cap.
242 380 285 420 III:
303 382 343 421 2-4
359 390 464 432 notantur,
481 390 501 423 et
517 383 601 437 triplicis
609 383 699 438 quidem,
710 382 748 423 nisi

38 456 107 505 fallor,
125 455 214 511 generis:
229 471 274 511 pars
289 471 300 499 a
316 471 399 498 cunrsrr
414 457 536 513 professione
549 456 575 498 ad
582 456 704 500 Iudaeorum
712 473 748 499 su-

37 529 176 585 perstitiouem
189 531 273 582 reversi,
289 545 335 586 pars
349 531 403 572 iutra
418 532 533 573 societatem
547 529 654 573 hominum
665 531 684 572 ei
699 546 748 573 cou-

38 612 136 647 secratam
143 606 284 660 superstitione
292 605 326 646 illa
335 604 448 647 doctrinam
459 620 529 647 reram
537 613 695 661 corrumpentes
705 620 751 661 pars

38 680 126 736 denique
146 679 300 721 circumcisione
324 678 408 734 aliisque
423 680 483 719 rebus
498 680 585 720 externis
600 678 651 721 adeo
667 679 749 729 confisi,

38 764 60 797 111
76 770 124 797 eum
139 761 270 796 contemnere
286 760 306 794 et
320 767 415 808 spernere
430 767 471 794 non
487 752 608 796 desinerent.
638 754 691 796 Hinc
703 769 751 795 vero
812 802 813 805 Ἴ

37 846 79 872 nou
98 830 201 885 sequitur,
223 827 379 885 Pln'lrpprenses
403 842 426 868 eo
441 828 482 869 iam
499 835 601 883 tempore,
617 843 658 884 quo
676 843 751 870 raucus

38 905 91 947 hauc
105 904 214 960 Epistulam
229 903 337 954 scriberet,
354 903 449 944 obnoxios
464 903 524 950 luisse
539 902 723 946 machinationibus
731 912 751 945 et

38 979 153 1030 fraudibus,
176 979 249 1036 quihus
271 979 301 1020 illi
316 993 397 1021 causam
412 978 505 1020 Divinam
520 978 568 1020 alibi
583 978 750 1035 aggrederentur.

38 1056 63 1097 Et
84 1055 164 1096 nullum
185 1055 276 1110 profecto
297 1061 326 1095 est
340 1053 450 1104 indicium,
467 1053 522 1096 unde
536 1053 626 1095 studium
641 1055 711 1096 salutis
726 1070 751 1095 ex

38 1131 108 1186 legum
123 1130 254 1172 llosaicarum
267 1130 385 1186 rituumque
400 1129 457 1170 cultu
467 1129 505 1170 sibi
516 1129 655 1186 quaerendae,
666 1144 707 1186 quo
714 1130 752 1172 Iu-

39 1205 110 1247 daismi
120 1199 209 1247 vindices
223 1205 342 1261 flagrarent,
357 1205 380 1246 in
395 1212 517 1247 sectatorum
532 1204 752 1263 cunrsrrPln'lr'ppen·

39 1283 94 1322 stom
108 1288 187 1322 mentes
198 1281 300 1336 irrepsisse
309 1272 434 1337 colligamus.
450 1280 511 1333 Quod
520 1288 576 1322 tanto
584 1287 752 1338 argumentorum

39 1354 135 1412 pondere,
148 1369 255 1396 cnsnnaao
271 1356 332 1397 etiam
341 1362 360 1396 et
367 1369 452 1396 wanrro
460 1354 571 1405 ludicihus,
579 1356 672 1411 probarit
679 1370 753 1397 scum-

40 1444 94 1481 zrus,
109 1437 133 1470 ut
148 1429 187 1471 diei
200 1444 241 1471 non
256 1430 317 1485 possit
332 1437 402 1471 contra
419 1428 457 1487 (1).
477 1431 582 1472 Praeterea
597 1431 643 1472 satis
657 1430 692 1472 ille
702 1430 753 1472 milri

40 1505 66 1547 de
80 1519 104 1546 eo
118 1505 226 1561 persuasit,
242 1504 298 1546 iuter·
308 1502 410 1553 homiues,
420 1504 456 1560 qui
463 1490 580 1561 Pttlzppts
590 1518 695 1545 cunrsruu
702 1519 753 1560 pro-

40 1580 156 1629 fiterentur,
176 1594 218 1620 non
233 1579 261 1621 ita
276 1579 350 1620 multos
365 1579 425 1620 fuisse
440 1578 563 1620 Iudaeorum
578 1593 601 1619 er
616 1580 678 1636 stirpe
694 1594 754 1620 eror-

42 1663 77 1696 tos.
107 1656 134 1696 Ut
153 1654 208 1696 euim
227 1654 317 1709 ipsorrrm
336 1653 458 1696 Iudaeorum
479 1654 508 1696 ihi
528 1654 648 1711 degentium
664 1655 754 1710 paucitas

41 1729 88 1771 inde
100 1743 196 1786 apparere
211 1727 301 1779 videtur,
319 1728 374 1785 quod
387 1727 521 1788 Synagogen
530 1745 572 1772 non
585 1729 701 1772 hahuerunt
711 1727 753 1788 (2),

41 1805 68 1845 ita
81 1803 139 1846 valde
151 1803 268 1846 mirandum
283 1811 322 1853 est,
340 1805 356 1846 si
369 1803 408 1846 hae
422 1805 443 1846 iu
456 1804 507 1847 urbe
523 1806 639 1862 frequentes
652 1805 677 1847 ad
690 1820 754 1847 cuar-

41 1894 93 1920 sarur
108 1879 238 1929 accesserint,
254 1880 335 1921 nullum
352 1880 412 1935 plane
426 1880 505 1923 Veteris
518 1881 640 1923 Testamenti
658 1881 726 1923 locum
743 1896 755 1922 a

42 1970 107 1997 muro
126 1955 148 1996 in
162 1954 231 1996 literis
249 1955 288 1996 suis
305 1955 413 1997 cxcitatum
428 1970 475 1997 esse.
506 1955 657 2012 Negligendum
673 1970 755 2013 quoquc

42 2046 83 2072 uon
99 2037 159 2086 puto,
175 2044 256 2071 nauuun
273 2029 335 2071 Itone.
350 2030 398 2075 XV:
414 2032 454 2080 27,
468 2029 613 2073 Macedoniae
626 2039 646 2073 et
656 2030 755 2073 Actaeae

41 2106 128 2155 incolas,
146 2105 182 2160 qui
197 2104 309 2146 doctrinam
325 2120 407 2147 crmrsrr
421 2107 557 2161 accepissent,
573 2106 646 2148 unisse
658 2104 684 2150 τιὶ
696 2105 753 2163 ἔθνη,

64 2277 89 2321 (1)
102 2280 187 2311 Scurrzrus
198 2291 215 2322 p.
228 2280 250 2310 54
261 2290 296 2323 sqq.
309 2277 351 2310 1111111,
377 2279 455 2311 Garunna
466 2290 482 2321 p.
496 2280 535 2310 421.
554 2279 577 2310 Dr
588 2288 647 2322 werra,
655 2280 714 2311 Lehrb.
726 2279 756 2312 dor

41 2339 141 2372 frisa-ma.
154 2341 201 2372 Einl.
217 2342 234 2372 z'n
246 2340 273 2371 dte
287 2341 330 2372 aaa.
344 2342 410 2372 Briolror
422 2340 449 2371 dos
461 2340 485 2372 N.
499 2343 519 2372 T.
531 2340 559 2372 Ed.
572 2342 589 2373 3.
600 2352 616 2383 p.
629 2342 669 2372 231.

64 2399 87 2444 [2]
108 2401 137 2433 Cff.
153 2407 191 2435 Act.
207 2402 284 2433 xvl121
304 2400 358 2444 ihique
381 2411 427 2433 saur.
446 2407 462 2431 et
478 2401 526 2433 xvi:
545 2403 575 2444 13,
587 2402 615 2433 uhi
628 2408 679 2432 tamen
699 2403 755 2434 Graeca

40 2460 86 2492 aliter
105 2465 161 2505 exponi
173 2470 262 2507 nequeunt,
275 2474 330 2506 quam:
344 2464 374 2494 aot
386 2463 448 2495 solebat
457 2464 531 2504 precatio
548 2464 587 2494 esre.
610 2462 755 2507 Nequidquamhic

41 2522 119 2565 disputant
125 2524 165 2556 VN.
173 2525 213 2557 D.D.
226 2524 245 2556 dc
252 2524 352 2571 Prosenclris
363 2535 390 2555 seu
403 2523 466 2555 aedibus
476 2525 522 2555 sacris
534 2523 631 2555 Iudaeorum.
648 2524 692 2565 Quod
703 2532 755 2557 autem

40 2595 62 2616 vs.
76 2586 96 2615 16
115 2596 149 2616 cum
163 2595 269 2618 aarasmcuro
286 2585 369 2629 legendum
384 2592 416 2617 est:
430 2588 456 2624 εἰς
472 2589 505 2630 τὴν
524 2589 628 2631 προσευχὴν
642 2587 720 2629 siguificat
734 2588 756 2619 aa

39 2648 147 2686 precationem
158 2658 208 2688 szrpru
220 2648 287 2680 dictam.
311 2648 336 2678 Cf.
350 2657 439 2691 amaruan,
451 2647 470 2678 dc
483 2646 546 2689 Sprrop-
561 2649 595 2680 ret.
610 2660 627 2690 p.
639 2650 672 2679 119
684 2659 718 2691 sqq.
