1650 2790
241 59 284 87 aar.
301 43 336 87 lll.
353 60 409 88 vers.
428 49 464 97 19,
482 50 516 89 20,
691 46 733 86 259

25 167 109 225 aliique,
129 166 165 223 qui
185 165 235 210 lraec
254 183 302 210 cum
323 169 421 224 superiori
439 171 577 227 περιπατοῦσιν
597 171 733 216 connectunt,

24 243 94 288 ceteris
115 237 216 285 collocatis
229 243 250 285 in
264 243 388 286 Parenthesi.
417 246 504 287 lllentem
516 244 608 300 Apostoli
620 241 676 299 quod
689 240 734 282 atti-

24 327 68 370 net,
90 318 145 361 haud
160 319 214 360 male
230 334 275 361 eam
293 320 389 376 explicuit
402 321 427 365 V.
441 315 464 361 ll.
479 319 501 360 in
514 317 569 361 Non.
585 318 645 361 Tea.
664 316 690 362 V
686 316 733 375 calpa.

23 396 62 454 ραν
75 408 100 436 ca
120 399 211 447 curant,
229 406 283 452 qtrae
296 396 328 438 ad
340 398 406 438 eitam
421 396 529 437 attremat
543 394 659 436 animalem
671 406 734 451 pcr-

24 472 102 512 tinent:
119 468 185 526 quod,
200 469 280 512 breuius
293 471 381 522 dictum,
396 478 433 512 est:
449 471 487 526 qai
498 482 559 509 mera
569 472 672 531 expetant
685 474 734 507 ter-

24 546 113 586 restria.
143 544 234 586 Eandem
253 546 307 587 enim
325 545 430 586 notionem
443 558 467 585 oo
476 557 539 598 supra
550 540 679 583 tribuendam
692 555 735 582 esse

24 615 91 663 Verbo
107 624 196 676 φρονεῖν,
210 627 294 675 apparet
309 620 370 661 etiam
382 631 406 660 er
423 618 468 662 Cot.
481 619 522 659 Ill:
538 620 558 668 1,
571 619 595 668 2,
609 614 646 658 uhi
659 617 734 672 ζητεῖτε

25 701 47 735 et
57 699 144 750 φρονεῖτε
157 693 210 736 iuter
226 709 246 735 se
260 701 409 748 permutantur.

327 842 383 869 raus.
400 829 434 870 20.

54 920 73 959 A
90 917 177 973 pessimo
194 916 303 958 hominum
314 933 389 975 genere
399 932 541 959 esurusveros
553 930 637 959 onmem
650 920 713 958 sectat
729 938 737 946 -

27 1007 68 1042 res,
87 999 110 1033 ut
127 991 207 1033 codices
224 992 300 1034 hahent
322 994 376 1035 llSS,
394 1000 494 1049 quotquot
510 992 532 1034 in
551 992 617 1048 pretio
633 995 691 1042 sunt,
709 991 738 1033 sic

27 1067 141 1123 distinguit:
169 1066 244 1120 Ἡμιῦν
265 1066 303 1123 γαρ
322 1065 346 1110 ad
368 1067 477 1121 πολίτευμα
498 1069 520 1109 ἒν
536 1067 626 1124 οὐρανοῖς
645 1063 738 1121 ὑπάρχει.

26 1141 87 1197 apud
105 1143 179 1198 Syrum
194 1141 283 1197 aliosque
296 1142 418 1197 Interpretes
430 1149 507 1184 veteres
521 1157 558 1197 pro
574 1141 677 1184 Particula
689 1140 739 1197 qui-

27 1216 74 1258 dem
87 1216 160 1259 causali
173 1215 323 1258 ‚adversativam
337 1217 461 1272 reperimus:
476 1217 511 1258 sed
521 1218 575 1259 male
588 1230 739 1259 errnsnaomus

25 1291 74 1333 inde
86 1290 178 1347 collegit,
195 1291 217 1332 in
230 1291 336 1346 exemplis,
350 1291 424 1347 quihus
437 1299 555 1343 uterentur,
569 1305 641 1334 rocem
655 1290 679 1333 δέ
691 1290 740 1331 fuis·
780 1337 782 1341 Α

27 1381 54 1408 sc.
84 1366 150 1407 Immo
164 1365 206 1416 illi,
221 1357 314 1410 orationis
326 1381 402 1407 nexum
415 1381 457 1408 non
473 1368 569 1417 assecuti,
584 1373 688 1421 receptam
702 1363 740 1423 γάρ

26 1440 93 1481 minus
109 1447 164 1482 recte
176 1440 299 1481 transtulisse
310 1440 416 1482 sidentur:
431 1441 604 1497 quemadmodum
613 1455 658 1482 eom
668 1430 740 1482 recen-

27 1514 74 1555 tiori
90 1522 182 1570 tempore
201 1529 311 1564 sacratus,
325 1530 409 1565 nonius,
423 1530 576 1559 nnrrusuarnus
591 1530 629 1571 pro
644 1515 668 1558 δέ
681 1531 740 1557 sum-

27 1596 107 1640 serunt,
129 1603 272 1630 orrunrcnsrus
290 1589 352 1631 unice
372 1590 469 1631 inservire
485 1590 566 1632 monuit
580 1590 606 1632 ad
621 1589 740 1632 faciendum

27 1664 141 1706 transitum.
170 1664 234 1705 Aliter
252 1671 378 1719 peccarunt,
396 1665 433 1721 qui
447 1665 501 1707 hanc
516 1666 651 1717 Posticulum,
669 1666 702 1707 rel
715 1665 742 1707 ad

27 1745 91 1779 totum
110 1738 222 1780 orationem
235 1738 407 1794 praecedentem,
427 1740 460 1781 rel
478 1740 503 1782 ad
522 1756 550 1783 rs.
574 1743 599 1782 17
612 1740 741 1782 referendam

29 1827 70 1853 esse
97 1812 252 1855 contendebant.
289 1812 397 1855 Evidenter
416 1814 472 1855 enim
495 1814 555 1857 docet
573 1813 682 1857 Antithesis
705 1814 741 1857 hle

27 1887 140 1942 proposita,
159 1888 252 1942 proxime
271 1895 351 1929 tantum
367 1889 511 1944 praecedentia
527 1890 546 1933 οἳ
560 1889 586 1933 ret
603 1890 677 1945 ἐπίγεια
691 1876 752 1947 quoo-¹

28 1962 105 2011 νοῦνπὲς
118 1968 221 2003 auctorem
235 1962 357 2018 permovisse
371 1963 396 2005 ad
409 1964 507 2007 continuo
523 1965 654 2007 scribendum
667 1965 742 2019 Ἡμῶν

29 2033 66 2091 ydp
83 2035 107 2078 ed
123 2036 232 2091 πολίτευμα
249 2038 270 2080 ἐν
288 2036 377 2093 οὐρανοῖς
394 2037 488 2095 ὑπάρχεις
509 2055 562 2097 quae
574 2055 642 2091 nunc,
658 2055 706 2097 age,
719 2048 742 2083 ut

30 2123 92 2151 uerus
106 2118 211 2166 appareat,
225 2111 390 2167 interpretemur.
419 2114 464 2157 Vox
478 2115 588 2171 πολίτευμα
596 2116 639 2158 aliis
647 2119 740 2175 patara,

30 2182 72 2225 aliis
85 2188 172 2240 etates,
187 2186 229 2229 aliis
242 2189 278 2229 z'as
292 2190 401 2243 civitatis,
412 2186 459 2231 aljis
479 2196 613 2235 conuersatio
627 2191 741 2249 sig-nificare

31 2257 115 2303 ridetur.
145 2261 171 2302 Et
181 2260 221 2303 hoc
235 2262 328 2318 quidem,
344 2271 368 2305 ut
381 2265 459 2322 magnis
470 2265 548 2321 placuit
559 2267 624 2318 Viris,
635 2274 741 2320 nurunu‘o,

32 2345 133 2386 cerviae,
160 2332 255 2389 ouorro,
283 2338 405 2397 Vulgatum
428 2339 541 2393 Latinum,
566 2348 742 2385 snarosrasrru'u

31 2407 121 2464 aliosque
136 2411 219 2454 Veteres
233 2415 377 2470 sequentihus,
393 2415 421 2456 ita
439 2415 510 2456 ceteris
528 2416 743 2472 praeferendumest,

32 2495 80 2522 eum
96 2492 179 2539 propter
197 2487 261 2542 ipsam
279 2489 360 2541 rocem,
380 2503 432 2545 quae
452 2491 533 2550 proprie
549 2495 656 2534 rationem
672 2509 744 2552 agea-

33 2555 58 2596 ἀπ’
77 2558 100 2597 a'rz
120 2560 183 2601 rebus
201 2565 301 2607 attritus
321 2564 412 2616 denotat,
430 2572 473 2607 tum
493 2565 586 2610 adhunc
599 2582 680 2611 versum
695 2579 743 2613 cum

33 2632 162 2684 praecedenti
177 2636 230 2680 bene
243 2641 415 2698 coniungendum.
445 2642 592 2685 Verumtamen
606 2644 645 2687 tria
656 2653 702 2687 sunt
710 2661 745 2687 ar=

612 2723 658 2761 17*
