1650 2790
61 72 102 113 134
318 83 363 109 ear.
378 68 404 110 ΙΙ.
423 82 479 110 uuus.
497 71 516 109 4*

58 209 140 249 neruo,
157 205 284 234 ulrrnrnsro
297 193 394 249 aliisque,
410 192 463 234 hane
476 192 586 248 genuinam
600 191 663 232 videri
677 191 771 246 scriptio-

60 285 106 312 nem
127 283 199 318 Proui,
221 267 276 309 unde
294 267 360 309 Editio
375 276 456 324 recepta
471 268 533 325 longe
546 267 666 309 discesserit.
695 267 720 308 Et
734 281 772 322 pro

58 343 164 401 Partieipio
178 342 261 401 quidem
274 345 402 395 σκοποῦντες,
415 344 471 400 quod
486 343 609 399 optimorum
620 343 721 385 librorum
731 342 772 383 fide

58 420 139 470 nititur,
155 427 217 476 atque
229 418 275 461 ideo
285 418 403 474 nuperrime
416 432 536 460 usenonzro
550 427 569 460 et
583 432 713 461 eonsennruo
721 431 772 473 quo-

58 511 99 551 que
112 494 222 551 probatum
236 502 275 545 est,
290 493 382 537 Verbum
397 493 479 534 finitum
494 499 583 537 σκοπεῖτε
596 495 622 536 ab
634 493 772 549 aliispositum

58 586 99 612 esse
121 578 182 627 puto⁷
207 571 254 626 quia
267 568 437 620 admonitionem,
453 569 568 624 saepissime
582 569 656 611 lectam
669 569 701 610 vel
716 568 773 610 audi-

57 653 112 696 tam,
132 645 296 702 ita'suggereret
312 644 420 697 memoria3
444 644 470 686 ab
484 644 528 685 aliis
545 652 629 700 propter
644 644 771 700 opinionem,

58 735 132 762 novam
145 720 180 762 hta
193 719 270 777 requiri
285 718 367 761 dicendi
380 720 479 769 formam,
499 733 547 761 eum
561 733 638 760 norum
652 726 723 760 auctor
741 732 772 760 ar-

58 804 180 852 gumentum
200 795 353 853 aggrederetur.
384 795 424 836 Sed
442 810 466 836 ex
485 809 546 850 supra
565 794 669 850 disputatis
685 792 772 849 intelligi

57 879 124 926 potest
138 879 218 913 tantum
232 871 312 921 abesse,
329 878 351 911 ut
367 871 460 915 Verbum
473 870 555 911 finitum
571 869 631 911 huius
645 869 686 911 loei
700 868 734 918 sit‘,
749 875 772 909 ut

59 960 82 986 eo
96 947 229 1001 perturbetur
246 947 306 987 series
322 945 428 997 orationis,
443 961 454 987 a
468 946 534 989 Versu
550 948 562 986 2
576 944 680 1001 usquead
694 948 706 986 5
721 958 773 985 eon-

57 1021 153 1062 tiuuatae,
190 1022 229 1062 Per
250 1022 319 1062 ioeum
341 1021 419 1075 potius,
444 1034 506 1076 quam
526 1020 577 1061 serio
602 1020 674 1061 dixeris
695 1026 774 1062 notasse

58 1110 171 1146 tvonmuu,
187 1095 247 1151 plura
261 1110 303 1136 esse
317 1095 436 1150 Participia,
451 1109 504 1151 quae
519 1109 530 1136 a
547 1095 610 1136 verbo
623 1098 708 1152 φροιῆτε
720 1109 775 1149 pen-

58 1168 128 1222 deant,
145 1185 185 1213 nee
199 1169 311 1226 quidquam
330 1184 372 1211 esse
385 1184 467 1221 causae,
481 1185 519 1211 eur
532 1184 554 1211 ea
569 1183 621 1211 novo
633 1168 723 1226 quodam
735 1184 774 1211 au—

58 1258 148 1300 geamus.
179 1245 261 1287 Minoris
278 1245 373 1301 ponderis
392 1253 420 1286 est
437 1252 508 1288 mutua
528 1245 628 1286 librorum
640 1243 735 1286 dissensio
749 1243 774 1285 de

58 1320 193 1371 Pronomine,
211 1320 308 1376 quoniam
323 1319 394 1362 eodem
408 1319 460 1361 redit
474 1335 543 1362 sensus
557 1320 662 1370 orationis,
676 1319 717 1360 sive
732 1319 774 1361 edi-

60 1403 92 1436 tur
107 1395 199 1447 t'uooroe,
214 1411 249 1437 seu
263 1397 347 1439 ἕκαστοι.
364 1396 404 1438 Sed
416 1396 432 1437 si
448 1397 538 1452 quaeris,
551 1403 621 1437 utrum
636 1409 711 1437 rannus
725 1394 774 1437 seri-

59 1469 131 1523 pserit,
150 1469 232 1511 Plurale
250 1470 334 1511 omnino
354 1471 459 1527 Singulari
476 1470 634 1526 praeferendum
646 1469 740 1520 ridetur,
756 1475 775 1509 et

59 1543 143 1599 quidem
157 1543 212 1585 haud
229 1558 286 1585 secus
299 1544 321 1585 in
337 1546 400 1599 priori
415 1547 526 1587 sententiae
539 1546 643 1596 membro,
658 1545 695 1586 uhi
705 1557 775 1586 enias-

59 1633 158 1668 eaentus,
181 1618 249 1659 minus
272 1619 309 1660 sihi
330 1627 432 1668 constans,
456 1621 543 1661 alterum
563 1619 658 1669 retinuit,
679 1627 740 1676 atque
753 1619 775 1660 in

60 1693 172 1748 posteriori.
204 1693 319 1749 Utrumque
336 1694 391 1735 enim
407 1696 487 1744 loeum,
502 1694 540 1735 nisi
556 1694 625 1744 fallor,
640 1701 776 1750 corruperunt

59 1768 161 1818 homines,
178 1783 215 1823 pro
230 1767 331 1810 rarissimo
346 1769 424 1811 Plurali
437 1768 589 1811 usitatissimum
604 1768 713 1826 Singulare
726 1770 776 1811 suh-

59 1844 185 1886 stituendum
204 1852 316 1887 censentes.
347 1845 409 1898 Quod
430 1859 502 1886 eorum
515 1858 598 1900 quoque
612 1845 715 1886 nonnullis
732 1845 776 1900 pla-

60 1920 112 1969 euit⁷
130 1920 166 1976 qui
183 1921 311 1970 Pronomen,
326 1921 371 1962 roei
384 1920 456 1978 ἑτέρων
469 1920 595 1971 subiectum,
609 1935 718 1976 perperam
728 1935 775 1962 eum

28 2032 30 2035 .
59 1995 125 2038 Versu
139 1996 233 2051 sequenti
248 1996 406 2053 coniungeliant.
438 1996 502 2038 Sicuti
515 2002 584 2037 autem
597 1996 651 2037 vario
663 1996 724 2038 modo
732 2011 776 2038 ora-

60 2068 89 2110 tio
109 2069 217 2125 depravata
232 2077 270 2121 est3
287 2070 316 2113 sie
332 2072 416 2113 fuerunt
432 2071 503 2121 etiam,
521 2071 557 2126 qui
574 2070 699 2113 Pronomiue
714 2072 776 2112 semel

62 2144 173 2186 omittendo
188 2159 247 2186 suum
262 2146 340 2187 auctori
354 2145 489 2188 detraherent.
519 2145 686 2187 Redundantium
703 2160 777 2203 nempe

61 2219 202 2261 existimarunt
215 2221 366 2276 repetitionem,
383 2235 436 2276 quae
450 2221 476 2262 de
491 2220 591 2263 industria
606 2221 660 2262 faeta
674 2228 714 2272 est,
736 2236 777 2278 quo

61 2294 149 2350 penitius
161 2295 232 2336 animis
247 2296 377 2339 mandaretur
387 2296 489 2345 doctrina,
504 2309 581 2345 omnes,
596 2302 680 2351 excepto
687 2297 777 2347 nemine,

63 2371 129 2412 officio
136 2371 239 2427 proposito
247 2372 317 2414 teneri.
335 2371 429 2414 Ceterum
442 2370 522 2412 ineuria
535 2378 570 2412 aut
577 2371 703 2414 festinatione
713 2372 778 2429 magis

63 2461 125 2502 quam
138 2446 222 2488 oonsilio
235 2447 330 2488 nonnulli
342 2446 457 2488 Articulum
472 2446 573 2501 pluralem
584 2445 610 2490 τά
619 2447 640 2488 in
653 2448 777 2504 singularem

63 2520 86 2562 τό
100 2521 215 2570 mutarunt,
235 2522 352 2578 ignorantes
365 2529 419 2564 eerte
435 2529 575 2564 commentum
591 2536 699 2573 aurentii,
714 2523 777 2564 altero

63 2610 178 2650 perversam
191 2596 301 2654 significari
314 2597 433 2647 utilitatem,
451 2597 514 2639 altero
527 2612 601 2641 veram.
632 2598 718 2640 Omissio
730 2612 777 2640 vero

63 2672 176 2715 Particutae
191 2673 234 2724 acti,
250 2680 317 2713 utrum
339 2672 409 2716 itidem
428 2673 564 2729 negligentiae
578 2673 686 2716 trilurendu
700 2674 736 2722 sit,
751 2688 776 2715 au
