1650 2790
254 37 297 98 cir.
311 57 326 99 l.
341 71 397 99 vrrs.
412 59 436 106 3,
451 59 475 106 4,
490 59 509 98 5,
711 54 734 95 41

28 198 73 225 nero
84 178 168 225 nolitote
182 180 310 236 restringitur
319 180 411 234 proxime
422 179 663 235 sequentibus-ubimce
672 176 739 233 δέησις

26 258 92 299 minus
106 255 233 313 petitionem
257 255 293 295 rei
310 259 397 310 optatae
418 254 449 294 rel
466 255 657 313 supplicationem,
677 265 739 308 quam

26 333 142 374 orationem
158 343 231 372 eornm
245 327 291 371 Deo
307 328 402 371 habitent
419 328 450 370 rel
463 332 610 385 precationem
626 325 738 386 generatim

27 407 101 449 dictam
119 405 232 462 significare
251 404 340 455 videtur,
361 403 534 460 quemadmodum
547 418 591 458 cup,
603 404 644 447 IV:
659 406 683 454 6,
697 415 738 458 quo

25 483 47 521 in
64 482 109 522 loco
127 479 153 522 rii
165 478 265 535 αἰτήματα
281 494 372 534 expresse
385 478 490 533 distinguit
504 484 574 518 atrclor
588 492 599 518 a
615 476 738 532 praeceden-

25 554 77 595 tibus
89 551 190 611 npoocnpj
203 561 222 594 ct
230 554 301 609 δέησις.
322 553 353 593 Ite
366 552 417 592 haee
430 566 467 592 vor
480 566 523 593 non
532 553 599 594 solum
613 566 672 606 saepe
680 566 738 592 usur-

20 621 94 685 patur,
107 629 138 671 uti
150 628 210 685 Ept.
223 629 265 672 VI:
280 630 313 669 18.
330 629 339 667 1
357 626 412 668 Tim.
426 626 458 667 11.-
473 628 491 669 1.
510 627 542 671 V:
556 630 579 678 53
594 626 630 668 sed
643 625 738 668 orationis

18 685 86 745 letiam
104 702 212 744 similitudo
234 702 282 745 Col.v
299 702 321 742 I:
340 704 359 743 3.
382 703 391 741 1
413 700 487 743 Thess.
506 702 528 743 I:
544 705 564 745 2.
585 700 668 744 2Tinr.
682 701 704 741 I:
718 703 738 742 3.

26 778 86 820 Phil.
108 781 119 818 4
140 791 194 826 earn,
214 791 247 817 me
266 775 346 825 iudice,
365 776 400 818 liic
415 791 494 819 sumere
506 777 570 819 iubet.
600 778 671 833 Neque
684 774 739 817 aliud

26 852 109 894 suadent
128 851 188 892 verba
201 849 285 893 πάντοτε
298 852 331 893 ἐπὶ
343 854 384 894 ταῖν
392 854 510 907 προσευχῶν
523 867 563 905 μον
573 848 663 905 δεόμενος
676 844 738 892 Rom,

25 929 46 968 1:
61 930 98 969 10:
112 916 160 968 nani
173 925 202 967 uti
215 925 348 981 Participium
361 923 463 980 δεόμενος,
476 926 505 968 ihi
517 925 620 968 Particula
632 924 692 976 εἴπας
705 924 740 967 de-

25 1002 115 1051 finitum,
127 1002 253 1056 petitionem
266 1000 362 1042 denotare
373 1015 457 1045 >necesse
470 1009 508 1054 est3
523 1001 552 1043 sic
564 1001 618 1043 inter
625 1000 683 1052 illud,
692 1015 739 1042 curn

25 1091 61 1131 per
80 1091 100 1117 sc
119 1076 223 1117 notionem
230 1078 346 1134 petitionis
358 1075 442 1127 habeat,
455 1077 553 1118 interesse
565 1083 626 1131 puto,
640 1083 660 1117 et
672 1074 739 1116 infini-

26 1159 82 1200 tum,
96 1150 151 1206 quod
163 1150 202 1192 bac
214 1151 237 1192 in
249 1151 337 1206 Epistola
348 1150 435 1207 legitur,
455 1152 477 1193 ἓν
493 1148 550 1209 πάσῃ
564 1148 628 1207 δεήσει
641 1166 687 1205 μου.
715 1150 739 1190 Et

26 1226 50 1267 nd
68 1225 131 1268 finem
148 1226 208 1267 huius
227 1240 294 1267 versus
309 1233 390 1276 auctor,
404 1241 441 1281 pro
454 1225 563 1281 Participio
577 1223 679 1280 δεόμενος,
692 1240 739 1266 usus

26 1316 68 1343 csse
80 1301 159 1342 ridetur
171 1301 258 1342 formula
276 1299 313 1357 τήν
336 1299 404 1356 δέησιν
424 1299 550 1353 πονούμενος,
569 1300 691 1342 ut‘lectores
703 1299 740 1341 sibi

24 1377 170 1430 precationem
184 1377 309 1432 generatim
323 1375 405 1416 dictem
420 1382 563 1429 preponerent.
595 1375 660 1418 Versu
673 1377 739 1418 autern
754 1368 755 1371 ¹

26 1450 134 1504 superiori,
148 1464 196 1491 cum
209 1449 259 1491 haec
271 1449 359 1491 formula
371 1448 390 1490 ei
402 1449 444 1489 iam
455 1448 478 1489 in
489 1456 558 1490 mente
572 1457 632 1500 esset,
646 1464 695 1500 non,
710 1449 739 1490 ut'

27 1538 68 1584 mos
88 1531 140 1573 erat,
159 1522 227 1578 μνείαν
244 1520 370 1577 ποιούμενος,
389 1522 424 1564 sed
442 1529 522 1564 tantum
535 1524 568 1566 ἐπὶ
581 1527 608 1582 τῇ
622 1524 678 1583 μνείή
691 1524 740 1566 scri—

22 1605 85 1652 ptum
98 1612 139 1639 csse
152 1597 247 1652 suspicor.
267 1597 310 1638 lam
323 1610 413 1653 quonam
425 1597 493 1639 animo
505 1605 611 1652 precetur,
625 1597 684 1640 docet
696 1613 740 1640 ver-

26 1672 57 1713 bis
69 1672 120 1726 picci
133 1664 209 1728 χαρᾶς,
224 1671 246 1713 id
260 1679 300 1721 est,
314 1687 360 1713 eisin
372 1673 468 1730 gortolio:
484 1686 521 1728 pro
536 1673 658 1728 quibusnam
670 1688 741 1729 preca-

27 1747 54 1787 tio
74 1746 119 1798 fiat,
139 1755 221 1803 apparet
237 1762 261 1789 er
274 1746 441 1802 praecedentibus
455 1746 506 1803 ὑπὲρ
520 1744 684 1801 admovendi,
697 1763 742 1805 pro

26 1822 84 1862 nodis
101 1823 205 1863 omnibns.
229 1820 327 1863 Omnium
340 1829 409 1864 autem
421 1821 477 1864 haud
489 1821 532 1863 sine
544 1836 604 1863 eausa
616 1822 741 1864 mentionem

27 1896 81 1945 lieri,
100 1904 123 1937 ut
142 1910 190 1938 cum
205 1910 281 1939 sunrro
296 1894 326 1954 (1)
346 1897 443 1939 nonnulli
460 1897 583 1953 Interpretes
595 1897 741 1945 animadverte-

28 1978 86 2020 runt,
104 1971 176 2012 elarius
194 1970 283 2012 elucebit
295 1985 319 2012 er
331 1971 435 2027 frequenti
447 1972 567 2027 repetitione
578 1971 679 2015 Adiectiri
690 1970 742 2015 noir-

27 2062 69 2098 τες,
89 2061 116 2088 rs.
130 2048 154 2096 7,
167 2048 192 2095 8,
207 2048 241 2088 25.
259 2045 292 2086 H:
307 2047 341 2096 17,
356 2047 391 2088 26.
408 2046 450 2090 IV:
464 2048 499 2088 21.
530 2047 609 2099 Quibus
622 2047 671 2089 locis
683 2047 741 2098 vide,

28 2136 54 2164 an
72 2114 183 2164 stabiliatur
202 2121 257 2178 quod
270 2135 331 2176 supra
344 2121 478 2172 conieoimus,
492 2122 514 2163 id
527 2123 592 2179 egisse
604 2137 698 2172 esurum,
719 2130 742 2163 ut

28 2195 184 2254 Philippenses
202 2197 266 2253 probe
287 2197 398 2248 sentirent,
409 2196 447 2239 sibi
459 2196 514 2239 haud
525 2197 590 2254 magis
603 2212 663 2240 curae
675 2195 741 2238 cordi-

29 2284 69 2325 que
89 2287 130 2313 esse
147 2271 239 2314 homiues
256 2272 294 2314 sibi
305 2272 418 2323 beneficos,
432 2286 494 2328 quam
507 2272 582 2329 quibus
594 2273 671 2315 donum
683 2286 741 2314 acee-

29 2339 87 2399 ptum
99 2361 141 2388 non
154 2346 242 2390 deberet.
263 2346 370 2403 Quidquid
382 2346 442 2389 buius
455 2347 485 2388 rei
499 2355 538 2398 cst,
552 2362 620 2390 sensus
632 2347 741 2390 verborum

30 2417 71 2459 lmc
83 2419 144 2461 redit:
164 2424 328 2480 quotiescunque
340 2437 434 2479 precor,
451 2437 493 2479 pro
508 2422 567 2465 nodis
585 2424 680 2466 omnibns
695 2439 742 2466 cirin

27 2494 111 2552 gestidio
125 2499 273 2551 precationem
283 2498 379 2555 faciens.

51 2653 76 2697 (t)
90 2658 148 2690 (onim,
159 2657 178 2689 ad
187 2658 203 2691 h.
216 2660 227 2692 l.
245 2660 270 2693 Cf.
282 2662 344 2694 omnnio
357 2668 426 2692 stetimus
438 2658 457 2691 nl
469 2658 485 2690 li.
497 2659 507 2689 l.
560 2671 564 2673 >
