1650 2790
367 33 483 60 rsrnurrus,
686 51 687 54 ,
751 14 779 55 23

95 151 222 195 Ceterorum,
246 145 271 186 ad
293 157 343 199 quos
359 142 464 198 provocari
478 141 538 190 solet,
553 137 668 179 testimonia
683 152 779 179 uniuntur

67 225 141 267 nullius
155 221 187 262 rel
200 220 267 276 exigui
279 218 374 274 ponderis
391 231 432 257 csse
444 215 539 258 declarat.
556 213 606 263 Sed,
622 228 648 254 ne
656 228 701 255 rem
708 212 780 254 leviori

68 314 129 341 munu
149 302 243 339 tractasse
261 294 339 344 ridear,
357 292 421 334 obiter
437 292 577 347 inspiciamus,
593 287 643 345 quid
659 288 691 329 illi
705 295 779 328 testen-

66 384 106 417 tur.
136 374 266 415 Aunnuasms
283 368 313 428 (1)
333 369 395 426 igitur
410 376 430 409 et
447 381 545 410 erminus
560 362 695 423 Hierocl‘l)
714 371 779 405 usten-

67 451 115 490 dere
134 449 234 497 volentes,
257 460 319 503 quam
333 445 393 500 plane
409 459 429 485 se
445 457 520 484 rannus
536 455 607 482 causae
622 454 704 482 cuaisri
719 439 779 481 dero-

67 525 127 574 rerit,
144 523 240 565 studium
258 522 276 563 ei
290 521 383 562 tribuunt
396 518 429 560 rel
443 517 557 559 consilium
570 513 708 573 Hispaniae,
724 522 780 571 post-

68 614 130 655 quam
142 598 224 641 Romae
239 597 318 646 fmsset,
335 592 445 635 adeundae.
461 594 500 633 Eos
512 598 580 633 autem
591 604 633 632 non
641 590 780 646 referrequod

68 692 80 717 a
94 675 153 717 certis
166 673 282 716 auctoribus
294 669 420 724 acceperint,
437 668 472 709 sed
487 666 542 723 qrrod
557 666 644 723 legerint
656 664 717 707 Ilum.
730 665 779 708 XV:

68 753 107 801 24,
124 753 163 800 28,
179 748 232 803 ipsa,
250 746 323 803 quilius
339 751 436 793 utuntur,
451 743 513 784 rerba
526 742 641 784 luculenter
655 741 735 782 ducent.
752 741 780 782 Ex

69 825 140 866 ecdem
151 824 207 863 fonte
221 835 342 862 arriusurus
352 817 382 878 (3)
397 818 464 860 hausit
478 818 528 859 haec
542 833 587 859 sua:
604 817 664 871 ὁμὲν
674 817 712 873 γάρ
720 820 782 860 Παῦ-

68 905 101 950 λος
113 899 146 941 καὶ
160 898 193 940 ἐπὶ
203 895 239 952 τήν
245 896 345 939 Ἱσπανίαν
358 894 479 950 ἀφικνεῖται,
493 892 667 950 quemadmodum
678 894 721 933 erl
732 891 781 936 Per.

68 975 89 1014 l:
100 975 120 1022 1,
135 986 186 1028 quae
194 971 285 1027 proxime
296 977 420 1027 sequuntur:
437 968 514 1027 Πέτρος
526 968 549 1010 ild
561 965 656 1018 πολλάκις
669 964 749 1011 Πόντον
763 986 784 1011 τε

69 1048 102 1088 καὶ
122 1046 223 1089 Βιθυνίαν
246 1045 375 1099 ἐπεσκέψατο.
412 1044 481 1098 Quid?
502 1043 557 1101 qrrcd
579 1051 618 1085 tres
631 1044 663 1094 illi
676 1044 783 1099 scriptores

73 1135 133 1162 inum
154 1120 237 1177 quidem
257 1120 359 1177 attingunt
376 1120 415 1161 iter
431 1120 453 1160 in
472 1118 618 1177 Hispaniam,
637 1119 721 1160 alteram
736 1133 784 1160 reio

72 1195 114 1236 eius
130 1196 265 1251 captivitatem
281 1210 322 1237 non
337 1194 393 1237 item.
422 1196 494 1251 Neque
508 1195 594 1249 amplius
610 1194 660 1250 quid
671 1194 786 1236 hebetum-

72 1285 169 1312 nouimus
182 1271 205 1312 in
220 1271 270 1311 locis
287 1285 298 1311 a
312 1284 421 1312 mensurno
437 1270 531 1323 indicatis
545 1268 587 1327 (4):
597 1269 645 1311 alibi
655 1277 724 1311 tamen
732 1269 784 1312 lianc

72 1346 207 1401 captiuitatem
229 1360 270 1387 uon
291 1345 434 1399 praetermittit
454 1343 492 1403 (5).
528 1345 690 1387 Cunrscsrosms
714 1343 744 1403 (6)
767 1354 787 1386 et

71 1434 217 1462 nnaouunurus
240 1419 269 1476 (7)
290 1433 346 1461 nuuc
366 1420 498 1470 alterutrum,
515 1427 695 1476 nunc-utrumque
708 1435 786 1462 memu-

71 1503 122 1536 rant.
152 1495 178 1535 At
193 1493 215 1535 lii
232 1508 314 1549 quoque
332 1494 447 1536 testimonia
462 1495 561 1538 Veterum
580 1509 623 1536 non
643 1494 731 1536 afferunt
746 1495 787 1537 fide

71 1569 143 1626 digna,
164 1568 200 1611 sed
219 1569 281 1610 meris
302 1576 387 1610 utuntur
408 1568 606 1618 ratiocinationibus,
623 1584 711 1625 quarum
726 1586 787 1627 urgu-

72 1651 165 1686 meutum
184 1643 208 1685 iis
225 1644 366 1699 praebuerunt
380 1643 498 1704 Epistolae
514 1644 546 1686 ad
560 1659 696 1696 ursicinum,
713 1646 745 1688 ad
758 1661 789 1687 nr-

72 1733 126 1769 uun,
145 1720 194 1760 item
213 1719 245 1760 acl
263 1717 387 1770 Hebraeos,
404 1720 492 1761 maxime
507 1734 555 1760 reio
571 1718 633 1762 Bam.
652 1720 697 1764 XV.
728 1721 790 1774 Quod

72 1795 121 1849 ipsi,
138 1810 193 1837 nunc
208 1795 257 1837 locis
273 1795 394 1838 nominatim
409 1796 530 1847 excitandis,
543 1811 599 1838 nunc
613 1796 678 1838 verbis
693 1798 743 1839 Nori
751 1800 789 1840 Te-

74 1870 167 1912 stamenti
189 1869 337 1920 descrihendis,
361 1878 381 1911 et
402 1877 443 1911 tcta
462 1886 496 1912 sua
517 1871 609 1913 erutione
624 1879 666 1913 tam
681 1872 789 1928 perspicue

73 1944 173 1999 produnt,
191 1953 214 1986 ut
231 1960 272 1987 nuit
284 1944 409 2002 intelligam,
424 1947 527 2000 quomodo
540 1947 585 2003 quis
598 1961 610 1989 a
621 1948 715 2003 partium
724 1949 789 1990 studio

53 2029 54 2033 ’
74 2020 151 2061 alienus
163 2019 202 2062 hcc
216 2034 290 2076 negare
303 2021 371 2076 possit.
402 2019 509 2072 Similiter,
527 2029 551 2063 ut
566 2022 644 2063 illustre
659 2023 742 2066 afferam
756 2039 789 2066 ei-

96 2207 120 2252 (1)
133 2210 189 2251 Epist.
201 2206 287 2241 ud'Druc.
303 2211 342 2251 Offlu.
355 2209 398 2239 ’loun
410 2211 425 2241 Ι.
436 2220 452 2252 p.
465 2209 505 2240 956.
518 2210 561 2240 Paris
573 2211 624 2242 1u27.

96 2269 120 2313 (2)
134 2270 201 2301 Cutcclr.
212 2272 268 2302 XVII.
285 2272 325 2312 Opp.
337 2281 353 2313 p.
366 2272 405 2302 253.
418 2272 448 2303 Ox.
461 2270 511 2301 1703.

97 2330 121 2374 (3)
134 2333 204 2363 Hucres.
217 2333 287 2364 XXVII.
300 2334 343 2364 Toni.
356 2335 371 2365 [-
383 2344 399 2375 p.
411 2335 449 2364 107.
462 2332 494 2365 Col.
508 2333 558 2365 1682.

97 2391 121 2434 (4)
134 2392 194 2427 Corum,
206 2395 224 2425 iu
235 2394 271 2427 Jes.
283 2404 316 2437 cap,
330 2396 350 2425 11
364 2401 380 2426 et
391 2396 410 2426 ic
421 2394 478 2426 Arrius.
494 2406 526 2438 cap,
540 2397 556 2425 5.
573 2397 612 2437 Opg).
625 2395 666 2425 111111λ
679 2396 709 2426 Ill.
722 2408 736 2438 (ι.
750 2397 791 2437 tul,

77 2453 127 2485 1412.
142 2461 207 2487 11111111.

98 2513 123 2557 (5)
135 2516 160 2547 De
174 2518 217 2548 Viris
229 2519 295 2550 Illustr.
309 2519 363 2560 rrp.5
377 2520 392 2549 in
404 2526 471 2550 sinnicii
482 2519 528 2549 uiti,
540 2519 606 2549 nectes.
617 2528 633 2561 p,
646 2518 668 2549 33
681 2529 714 2562 sqq,

99 2576 123 2621 (6)
137 2580 177 2621 Ops).
189 2581 231 2612 Tum,
244 2581 266 2614 ll.
279 2593 295 2623 p.
307 2581 347 2613 516.
360 2581 396 2613 VII.
409 2593 425 2624 p.
439 2581 477 2612 725,
490 2580 526 2612 Xll.
537 2590 553 2621 p.
566 2581 582 2609 2.
594 2587 658 2611 mortrui.

100 2637 125 2683 (7)
139 2640 224 2674 (Ioannem.
239 2643 256 2674 ud
269 2645 331 2676 I'sulm.
346 2643 400 2676 citu:
415 2646 430 2672 1.
444 2643 490 2673 Pta'r,
503 2643 521 2673 I:
535 2643 565 2683 25,
577 2642 605 2672 26,
621 2643 632 2671 2
647 2641 690 2674 Tim.
703 2644 732 2674 Νι
744 2645 769 2675 l72
