1650 2790
310 40 352 67 tur.
369 26 384 66 l.
403 40 456 66 vorm.
473 27 490 64 l,
599 55 601 60 f
731 27 756 66 31

47 157 149 205 salutatio,
168 161 189 193 ut
204 153 244 192 iam
257 158 340 205 apparet
354 165 380 190 ex
395 164 437 204 eap.
455 150 483 190 ll:
502 152 527 191 to
545 163 589 204 sqq.
600 148 760 189 ubimuornnus

47 251 58 275 a
71 246 135 273 ununo
152 229 245 271 larulatur
259 235 278 268 et
293 226 453 268 oonunondatur.
483 227 587 282 Nusquam
603 233 671 266 autem
687 223 761 264 elarius

49 315 137 349 mentem
150 319 208 345 suam
221 303 329 358 Apostolus
345 302 443 357 explicat,
460 315 522 357 quam
538 300 588 344 Gal.
605 302 625 342 l:
642 304 666 349 2,
682 297 759 341 nomini

48 397 83 423 suo
96 380 201 422 adiiciens:
218 381 251 421 καὶ
265 379 284 421 ol
299 378 336 421 σῦν
352 379 397 431 ἐμοὶ
410 374 482 427 πάντες
497 376 587 432 ἀδελφοί.

76 456 172 511 Sequitur
188 457 256 496 onom
270 452 335 509 Ἰησυῦ
347 454 451 509 Χριστοῦε
469 450 577 506 appellatio
590 464 637 491 sane
649 449 761 491 seeundum

4 570 6 572 ,
48 535 135 574 Graecos
149 530 216 571 minus
232 527 354 576 honorifica,
371 527 407 567 sed
423 541 464 581 qua
480 525 575 566 delectati
592 532 639 565 sunt
651 524 699 574 uiri,
716 524 762 579 qui-

50 609 85 648 bus
105 606 211 662 negotium
231 590 301 644 causae
317 615 401 642 onnrsrr
420 599 563 656 propagandae
579 598 699 640 mandatum
714 605 762 639 erat.

48 683 95 723 lure
110 680 224 735 meritoque
238 690 338 718 naunsnus
349 673 378 732 (1)
393 674 498 716 hominem
513 674 557 714 risit
571 674 602 715 sui
615 672 719 728 temporis,
727 672 763 726 qui

49 756 74 797 de
89 770 111 797 ea
127 753 183 795 haud
196 753 263 792 minus
277 740 352 792 insulse
365 749 517 806 philosophatus
536 758 589 800 erat,
608 764 671 806 quam
691 762 764 790 oniae-

49 845 84 870 uns
96 829 122 870 ad
133 827 195 869 Boin.
207 827 227 867 I:
241 829 259 875 1,
273 826 348 867 aeriter
358 824 397 867 hoe
407 826 491 867 nomine
501 825 636 881 reprehensus
648 822 764 881 ararim),

49 906 100 946 Nam
116 903 142 944 ab
153 902 250 944 Hebraeis
262 902 365 951 desumta,
381 900 417 955 qui
428 915 507 951 uosnu,
521 915 598 942 rosum
613 912 726 955 eorumque
739 899 764 938 si·
783 918 784 921 =

49 980 107 1020 miles
124 986 170 1025 ΠἿῗῬ
186 984 228 1030 azy
246 975 489 1027 uocabant,nil1ilaliud
504 976 613 1033 significat,
628 990 691 1031 quam
701 974 767 1014 otoizz'-

50 1061 108 1095 stros
131 1068 175 1094 insu
197 1067 285 1095 omusrr.
317 1051 465 1104 Quaesiverunt
485 1052 618 1106 interpretes,
637 1064 766 1100 curramus

50 1144 70 1170 se
85 1128 124 1170 hoo
141 1128 186 1170 looo
199 1130 272 1170 dorileu
285 1128 354 1168 dicere
368 1126 476 1177 maluerit,
493 1140 556 1181 quam
569 1123 695 1169 Ἀπόστολον.
714 1126 766 1167 Sim-

50 1205 140 1259 plicitate
159 1210 227 1245 autem
248 1217 284 1243 sua
303 1216 323 1243 se
346 1200 402 1242 valde
421 1201 551 1242 sommendat
566 1201 665 1242 sententia
680 1215 765 1249 onorii,

51 1293 99 1319 eum
118 1277 208 1319 modeste
228 1276 286 1317 titulo
307 1290 367 1317 usum
390 1290 443 1325 esse,
467 1275 503 1331 qui
530 1289 638 1317 urniorum
657 1290 722 1331 aeque
744 1291 767 1317 ae

51 1352 89 1394 sibi
101 1351 224 1393 conveniret.
252 1350 292 1392 Sed
305 1349 356 1392 haee
373 1358 442 1392 tamen
461 1355 513 1392 stare
532 1351 615 1407 nequit,
633 1352 732 1408 quoniam
746 1352 767 1392 in

51 1429 117 1468 fronte
132 1426 251 1484 Epz'stoloe
266 1425 297 1467 ud
313 1424 450 1466 colossenses
465 1432 485 1466 et
491 1426 585 1467 alterius
600 1427 633 1467 od
642 1427 769 1471 Corinthios·

52 1501 150 1557 legimus:
169 1504 253 1550 Παῦλος
267 1498 387 1550 ¹Arcrimolog
401 1502 434 1543 nol
448 1497 549 1554 Τιμόθεος
563 1502 575 1543 ὁ
588 1500 681 1558 ἁδελφός.
708 1502 768 1556 Quod

52 1575 97 1626 alii,
112 1582 223 1630 praeeunte
236 1589 393 1617 aimnosmsrno
410 1572 440 1631 (3)
458 1574 539 1625 elionnt,
553 1590 636 1617 PAULUM
646 1592 667 1618 se
673 1577 769 1636 Aposto—

53 1651 97 1691 lum
119 1665 161 1691 non
182 1650 303 1705 appellasse,
328 1650 376 1705 quia
393 1649 572 1708 Philippensibus
587 1652 696 1703 scriberet,
713 1653 770 1694 nulla

55 1725 140 1781 graviori
155 1723 312 1779 reprehensione
327 1724 404 1781 dignis,
419 1725 484 1781 magis
499 1739 583 1782 quoque
598 1719 705 1781 probabile
714 1728 770 1770 vide-

55 1807 98 1849 tur,
118 1814 181 1854 quam
201 1814 270 1842 revera
290 1807 329 1851 est,
346 1808 370 1841 ut
385 1800 446 1841 leotio
461 1799 535 1842 dooere
549 1796 770 1857 poteritEpistolarum

55 1875 97 1915 eius
113 1874 139 1916 ad
157 1873 370 1925 Thessalonicenses,
387 1889 475 1932 quarum
489 1876 510 1917 in
525 1876 626 1932 principio
640 1878 732 1932 Apostoli
745 1879 771 1919 ti-

55 1949 122 1990 tulum
140 1949 213 1990 itidem
233 1951 308 1993 frustra
326 1950 448 2006 quaerimus.
484 1951 574 1992 Fortasse
596 1952 624 1994 ita
640 1953 729 2008 soripsit,
748 1961 772 1994 ut

55 2038 173 2076 riuornno,
194 2040 257 2081 quem
274 2025 393 2082 propediem
407 2025 528 2084 Philzppoe
543 2027 639 2068 missurus
656 2035 707 2078 erat,
725 2043 772 2070 ean-

56 2097 102 2139 dem
115 2107 196 2154 pararet
210 2101 362 2152 auctoritatem,
376 2115 417 2156 qua
429 2101 519 2156 pollebat
532 2102 581 2157 ipse.

85 2174 128 2215 lam
143 2190 199 2217 nune
216 2177 314 2219 transiens
329 2184 400 2227 auctor
417 2175 441 2218 ad
463 2177 594 2232 appellandos
606 2177 709 2229 homines,
728 2179 772 2233 qni-

57 2249 94 2288 bus
113 2250 224 2304 'Epistulam
246 2251 343 2292 missurus
366 2258 421 2300 erat,
446 2252 537 2306 primum
560 2254 673 2309 generatim
694 2253 773 2308 scripsit

57 2327 106 2365 πᾶσι
126 2332 169 2375 τοῖς
188 2326 250 2381 ἁγίοις
266 2329 288 2369 ἐν
303 2330 387 2386 Χριστῷ
400 2326 475 2382 Ἰησοῦ,
494 2332 536 2378 τοῖς
550 2323 606 2370 οὖσιν
626 2330 648 2370 ἐν
661 2328 772 2379 Φιλίπποις,

81 2456 103 2501 (1)
117 2461 170 2509 Opere
181 2461 244 2493 Plritol.
255 2467 272 2492 ot
283 2463 321 2493 erit.
332 2472 348 2503 p.
361 2461 403 2503 242,
416 2460 455 2491 ala.

81 2518 105 2562 [2)
117 2520 162 2552 Νου,
174 2523 219 2554 Tost.
233 2522 253 2554 ad
264 2524 312 2556 aaut.
323 2523 342 2553 1:
352 2524 371 2555 -1,

81 2579 106 2624 (3)
118 2580 237 2616 continentium
248 2586 267 2617 in
277 2596 318 2616 onan.
330 2593 345 2616 B,
359 2593 408 2617 raom
421 2589 478 2627 Apost.
493 2585 538 2628 Epp.
552 2595 590 2627 quae
603 2584 640 2616 olim
652 2594 727 2617 luntrosm
740 2587 775 2619 Mr-

59 2643 121 2677 diotae,
130 2642 205 2687 adscripta
218 2653 233 2678 et
245 2658 279 2680 rum
291 2648 323 2679 eius
335 2646 407 2690 operibns
419 2646 459 2679 edita
471 2653 512 2679 siun.
