1650 2790
275 78 319 105 aar.
333 65 348 105 l.
363 79 418 106 vans.
435 65 468 113 19,
483 66 517 106 20.
724 64 751 103 83

41 199 172 248 interpretes,
197 198 220 231 ut
240 201 384 230 unrumeusrus
404 194 424 228 et
444 200 605 237 nummulamis,
626 183 662 226 sed
682 198 752 240 reapse

21 279 22 282 ’
40 271 102 312 trium
112 267 196 308 illorum
208 279 274 307 unum
289 261 356 305 alteris
370 262 492 317 praeferunt.
523 261 583 304 Haud
597 260 648 303 adeo
664 258 752 305 difficilis

41 351 108 387 autem
130 341 202 384 electio
223 348 262 391 est,
281 339 298 379 si
317 345 407 379 mentem
427 339 548 380 attendimus
568 345 587 379 et
605 338 631 379 ad
652 349 754 382 summam

41 418 134 461 orationis
151 415 300 472 praecedentis,
317 421 336 456 et
350 413 375 455 ad
387 414 450 465 illud,
464 412 559 469 quadus.
576 415 602 455 18
619 413 690 455 codem
703 414 753 455 Pro-

41 493 122 537 nomine
140 491 253 534 denotatur.
283 490 336 532 Hinc
353 490 408 530 enim
424 495 517 544 apparet,
532 486 584 528 nihil
598 487 653 529 aliud
668 488 706 530 sihi
718 502 753 529 ro-

40 569 99 611 tuisse
119 582 202 609 raunuru
222 582 285 624 quom
308 566 494 606 annunciationem
516 576 611 614 cumsrr,
632 574 754 621 quocunqne

40 643 100 686 inodo
115 658 141 685 ea
147 642 223 699 fleret.
250 639 314 694 'Quod
329 647 350 680 et
364 653 538 681 ruaouurmerus
551 638 579 680 ita
591 637 716 680 enunciavit:
730 634 753 678 cd

41 715 138 768 αὔξεσθαι
150 718 174 761 cd
187 715 278 773 κήρυγμα
287 712 321 756 ua
331 716 368 771 τῆς
376 713 425 771 πρὸς
435 714 473 768 ἐμὲ
483 713 560 771 ἔχθρας
569 715 647 756 καὶτοῦ
655 711 725 770 ζήλου,
735 719 755 777 et

41 807 175 845 rraururusms
187 798 231 847 post
244 790 292 832 alios
306 789 360 830 hene
372 788 469 831 defendit.
496 788 548 831 Cum
561 795 629 829 autem
642 788 692 829 dicit
701 788 756 843 Apo-

40 867 101 908 stolus
117 862 176 908 τοῦτό
191 882 225 918 μοι
239 859 360 918 ἀποβήσεται
373 864 400 912 εἰς
413 862 523 918 σωτηρίαν,
537 877 578 904 non
595 862 685 905 declarat
701 864 757 923 fore,

41 949 63 984 ut
83 940 123 981 hoc
140 940 232 981 salntem
248 938 333 996 pariat
351 936 384 978 rel
407 952 418 978 e
435 939 498 986 taint,
519 936 554 977 sed
572 945 596 978 ut
614 937 645 978 ool
665 938 757 979 salutem

42 1015 155 1066 conducat,
176 1021 210 1055 aut
229 1013 304 1063 aedon
325 1011 428 1068 quomodo
448 1012 534 1053 verbum
552 1009 674 1068 ἁποβήσὲται
696 1014 758 1054 etiam

42 1088 138 1132 vertendo
148 1087 277 1130 reddendum
290 1095 320 1128 est
332 1087 378 1130 Iao.
392 1087 451 1129 XIII:
467 1090 505 1138 16,
521 1086 576 1127 unde
590 1102 665 1129 rannus
681 1088 758 1130 oratio-

42 1181 90 1208 nem
108 1179 165 1206 suam
181 1171 284 1205 mutuatus
298 1176 340 1205 esse
353 1161 440 1204 ridetur.
470 1162 495 1204 Et
507 1161 560 1203 nihil
572 1177 620 1204 sanc
631 1164 757 1220 frequentius

42 1240 96 1298 apud
113 1240 220 1295 scriptores
237 1246 314 1280 ueteres
328 1245 368 1289 est,
382 1251 445 1293 quam
456 1237 517 1279 huius
529 1237 586 1279 rerloi
599 1252 647 1280 usus
660 1238 685 1280 de
699 1254 758 1280 euerr-

43 1323 66 1359 ta
81 1314 118 1373 (1).
148 1316 175 1358 At:
191 1315 282 1371 quaestio
298 1313 377 1370 agitur,
396 1327 460 1368 eaque
478 1312 524 1354 satis
543 1313 620 1369 gravis,
642 1329 759 1371 quamnam

43 1391 133 1432 salutem
147 1404 222 1431 nunnus
236 1387 362 1444 spectaverit.
384 1386 487 1428 Nimirum
499 1386 554 1429 haud
561 1388 637 1443 pauci,
647 1396 760 1444 praeeunte

43 1478 204 1514 GHuYsosr0n0‚
217 1464 367 1505 liberationem
379 1477 441 1504 raum
455 1478 482 1505 ea
496 1478 595 1513 camere,
611 1464 645 1506 alii
659 1479 708 1507 oum
721 1479 759 1506 rm-

44 1546 122 1583 fflejffl
137 1541 252 1582 neoterium
269 1539 295 1582 ab
311 1538 451 1581 acluersamz's
468 1525 626 1597 reportandam
640 1540 669 1581 ita
685 1539 760 1584 dictam

44 1631 86 1658 esse
102 1622 181 1671 putant.
211 1615 252 1657 Sed
267 1621 389 1670 utrumque,
404 1622 427 1655 ut
442 1613 468 1657 de
480 1613 563 1656 notione
576 1614 631 1656 vocis
646 1630 703 1657 nunc
719 1630 762 1658 non

45 1690 178 1745 disputemus,
192 1690 213 1731 in
226 1689 358 1732 concordiam
371 1689 437 1747 redigi
450 1690 522 1746 nequit
535 1703 583 1731 cum
595 1690 661 1731 verbis
674 1689 712 1734 εἴτε
728 1689 763 1733 dmi

45 1763 148 1816 θανάτου,
162 1779 214 1820 quae
231 1779 279 1807 cum
296 1765 353 1806 omni
367 1765 467 1821 superiori
481 1765 571 1807 oratione
585 1767 696 1808 arctissime
710 1781 762 1808 con-

46 1839 146 1881 nectenda
162 1855 204 1881 esse
219 1840 340 1899 videbimuss
370 1840 401 1881 Ita
416 1839 501 1882 ethaeo
517 1840 560 1895 ipsa
572 1841 634 1883 rerba
651 1843 762 1884 sententiae

47 1915 126 1963 obstant
142 1929 223 1966 eorum,
238 1917 275 1971 qui
290 1915 402 1972 generatim
415 1916 507 1958 salutem
520 1917 688 1975 qualemcunque
699 1917 763 1959 intel-

47 1990 110 2046 ligere
121 1989 201 2031 iulrent:
212 1991 268 2047 quod
280 1990 376 2032 nonrmlli
388 2006 411 2031 ex
424 1990 523 2047 loquendi
537 2006 576 2033 usu
588 1993 675 2047 probare
685 2008 764 2035 conan*

47 2072 87 2106 tur.
117 2065 193 2121 Utique
211 2066 267 2108 nulla
285 2066 347 2107 causa
360 2072 402 2116 est,
415 2081 452 2115 cur
467 2067 575 2108 auctione
587 2066 725 2119 discedamus,
741 2068 764 2109 in

47 2139 102 2180 libris
116 2140 168 2181 Nori
182 2141 305 2183 Testamenti
316 2140 404 2183 maxime
417 2141 507 2197 uulgari,
521 2149 545 2183 ut
559 2144 658 2199 σωτηρίαν
672 2145 764 2186 salutem

47 2215 110 2256 illum
120 2230 194 2258 uerum
204 2221 224 2257 el
229 2232 345 2275 pereuntem
354 2217 519 2273 interpretemur,
530 2232 585 2274 quae
595 2217 683 2259 debetur
691 2232 764 2260 cums-

48 2303 82 2330 ro.
105 2291 148 2332 Neo
161 2306 243 2334 anorro
256 2300 325 2335 tamen
339 2291 489 2334 assentiendum
504 2306 545 2332 esse
562 2293 680 2348 explicanti:
697 2292 764 2334 aaz'dz‘t

49 2364 87 2405 noc
99 2365 243 2422 adsalutem,
255 2382 330 2426 rzenrpe
343 2358 458 2410 multorum
471 2368 592 2419 donuinam,
606 2369 652 2412 satis
662 2373 764 2425 superque

49 2439 90 2479 iam
106 2450 190 2495 apparet
208 2443 340 2500 expraemisso
357 2443 480 2485 Pronomine
492 2443 534 2497 μοι.
558 2442 599 2484 Sed
613 2457 689 2485 neturus
703 2459 765 2486 suam

72 2609 95 2653 (1)
108 2612 182 2656 Exempla
193 2613 230 2647 daut
243 2620 386 2660 scmvrmmnsm,
394 2618 434 2649 Leu.
447 2626 527 2649 usuonor.
539 2616 556 2648 h.
569 2628 583 2647 v.
599 2624 685 2662 ‚ranarum
700 2622 766 2652 Οὐκ-νυ.

51 2672 96 2703 Phil.
108 2675 145 2706 ortt.
169 2675 237 2708 Eusuru.
251 2688 333 2710 uversrru.
347 2678 405 2721 alinue
416 2678 435 2711 ad
447 2677 463 2710 h.
476 2678 488 2710 l.

631 2746 663 2783 [3²4-
