1650 2790
238 580 339 631 CAPUT
365 578 538 627 SECUNDUM.

319 996 391 1024 tranans
405 987 423 1031 1,
441 985 460 1022 2,

61 1097 120 1139 Haud
134 1099 194 1153 pauci
208 1098 332 1153 Interpretes
347 1098 387 1141 hoc
401 1099 423 1140 in
438 1099 484 1140 loco
500 1098 606 1140 tractando
622 1099 650 1140 ita
667 1111 747 1139 rersana

32 1181 76 1224 tur,
97 1188 122 1215 ac
141 1174 157 1215 si
178 1173 260 1216 dicendi
274 1181 419 1232 argumentum
433 1175 466 1215 vei
481 1187 558 1216 norum
572 1173 698 1222 invenerint,
715 1173 747 1213 rel

33 1256 88 1290 certe
100 1263 149 1290 oum
163 1249 263 1304 superiori
278 1250 345 1291 minus
358 1248 475 1292 cohaerens.
492 1249 582 1290 Fortasse
594 1249 632 1289 uni
647 1248 746 1304 alterique

31 1323 125 1365 fraudem
140 1323 189 1365 fecit
201 1338 263 1379 prava
280 1324 373 1380 Capitum
388 1323 468 1366 divisio:
485 1324 565 1367 sedens
580 1323 603 1365 in
618 1323 672 1365 u'am
684 1323 747 1364 redu-

33 1412 79 1439 cere
93 1405 188 1453 potuerat
201 1399 304 1442 Particula
316 1396 363 1453 οὖν,
378 1399 436 1442 cuius
453 1398 537 1455 quidem
552 1399 594 1440 rim
607 1406 663 1441 recte
676 1398 747 1440 obser-

31 1480 104 1514 varunt
118 1488 228 1526 cocceius,
241 1489 366 1526 panormus,
377 1475 655 1526 praemonstrarent.
669 1474 746 1527 Quam-

30 1548 58 1590 vis
81 1548 136 1590 enim
157 1550 247 1593 concedo
270 1565 359 1593 riurano
380 1548 423 1608 (1),
444 1550 501 1593 iilam
518 1549 574 1592 haud
590 1564 635 1591 raro
652 1547 746 1591 orationis

32 1631 112 1666 tantum
127 1625 275 1668 continuationi
289 1626 397 1677 inservire,
413 1641 515 1683 nusquam
524 1634 594 1668 tamen
604 1641 637 1676 ea,
647 1632 747 1682 quantum

32 1699 127 1750 memini,
151 1702 263 1744 sententiae
285 1702 373 1759 graviori
392 1709 413 1743 et
428 1700 527 1743 oratoriae
547 1701 623 1743 inserta
638 1708 680 1750 est,
697 1699 747 1756 quin

27 1777 127 1834 proponi
136 1776 237 1832 significet
251 1778 310 1835 qnod
322 1793 350 1818 ex
359 1777 541 1836 praecedentibus
558 1782 671 1835 sequatur.
703 1776 747 1817 Una

33 1858 123 1907 superest
136 1852 239 1908 quaestio,
256 1860 327 1894 utrum
337 1854 425 1898 Versum
441 1853 532 1908 primum
546 1867 572 1895 an
588 1853 678 1894 alterum
687 1851 748 1893 hrains

32 1927 105 1982 Capitis
121 1941 169 1969 cum
185 1927 353 1983 praecedentibus
370 1937 485 1972 connectat.
515 1927 557 1971 Sed
567 1929 585 1971 si
596 1928 748 1971 animadverte-

33 2002 108 2053 rimns,
125 2001 182 2044 hunc
195 2003 278 2059 quidem
297 2005 413 2057 continere,
429 2019 482 2061 quae
499 2004 616 2062 argumenti
631 2018 692 2060 supra
705 2012 748 2045 tra-

34 2078 83 2118 ctati
99 2077 166 2119 affinia
186 2079 236 2129 sint,
256 2079 445 2131 intimantem,
461 2081 483 2122 in
498 2081 628 2136 responsione
642 2093 690 2121 sane
706 2093 748 2120 non

34 2150 169 2196 haerebimus.
192 2154 246 2211 Ergo
261 2153 315 2197 hane
329 2155 415 2197 facimus
427 2155 538 2197 verborum
549 2161 682 2197 structuram:
697 2159 749 2211 πλη-

34 2227 111 2282 ρώσατε
125 2224 162 2271 οὖν
173 2255 200 2263 -
216 2235 337 2287 φρονοῦντες·
352 2229 412 2281 εἴτις
425 2228 548 2288 παράκλησις
561 2257 588 2264 -
601 2230 700 2288 οἰκτιρμοί.
713 2230 750 2272 At-

36 2318 77 2358 que
93 2304 122 2346 ita
136 2304 251 2347 Particulae
265 2305 396 2362 saepissime„
408 2320 534 2362 quamquam
545 2305 569 2347 in
583 2305 651 2362 priore
666 2313 750 2348 senten-

38 2380 85 2421 tiae
96 2388 154 2436 parte
176 2381 252 2436 positae
267 2389 325 2431 sunt,
342 2380 368 2423 ad
383 2381 517 2436 posteriorem
534 2382 606 2423 referri
621 2372 707 2434 debent,
726 2390 749 2423 ut

37 2454 135 2497 lectorem
157 2456 231 2499 docere
246 2463 344 2513 poterunt
363 2456 415 2500 Luc.
435 2457 492 2499 XVI:
511 2458 544 2499 11.
568 2455 630 2500 Rom.
649 2458 698 2500 XII:
716 2460 751 2500 20.

61 2623 84 2665 (t)
103 2623 113 2653 t,
134 2637 147 2658 c,
165 2636 181 2667 p.
200 2626 239 2657 416.
267 2625 296 2656 Css',
317 2633 400 2656 uarrnnr.
417 2637 432 2668 p.
447 2626 489 2668 901,
502 2626 541 2657 902.
561 2627 670 2660 attractaret.
683 2625 752 2659 subiet-n

39 2685 125 2716 tiranno.
138 2689 154 2717 rt
165 2694 242 2718 ruitura.
257 2687 309 2719 arou.
322 2697 338 2728 p.
351 2688 384 2719 396
396 2695 412 2719 ct
424 2688 451 2731 qui
463 2687 486 2720 ibi
497 2686 585 2721 laudantur.
