1650 2790
278 61 321 89 611.
338 48 374 89 tlt.
390 62 446 90 vens.
459 50 493 91 20.
686 45 725 93 261

19 176 82 223 cedit,
103 185 144 212 non
162 185 183 211 se
200 176 280 210 tautum
297 182 384 225 suosque
400 169 528 220 socios‚,sed
541 170 654 227 generatim
666 184 728 212 veros

18 260 101 293 cunisrl
121 244 242 301 significasse
258 248 383 294 sectatores,
402 250 502 301 quotquot
517 243 598 287 vivendi
611 244 729 301 exemplum

18 322 138 383 praeberent
157 319 268 362 imitatione
288 318 383 376 dignum,
408 334 419 360 e
441 333 495 360 nexu
513 319 645 376 intelligimus
667 320 729 362 totius

19 397 122 447 orationis,
137 395 185 436 inde
200 410 212 436 a
227 409 286 436 rersu
302 396 336 436 17.
365 394 408 435 Nec
420 392 555 435 dubitandum
568 401 606 445 est,
623 396 673 451 quin
688 395 729 438 hoe

18 475 40 515 in
52 485 137 513 numero
152 484 233 526 quoque
247 468 374 511 collocaverit
391 481 554 510 nrarnnonlron
568 467 658 525 aliosque
672 470 729 512 Plri-

19 551 139 607 lz'ppenses‚
155 546 191 602 qui
206 545 268 587 vitam
282 550 367 600 agerent
378 544 454 598 pietate
467 550 487 584 et
499 542 574 583 virtute
585 549 628 584 tarn
641 544 729 587 illustra-

19 632 71 674 tam,
94 629 118 663 ut
140 619 317 678 Pla'lzppense'bos
337 617 363 659 ad
384 617 518 659 imitationem
536 617 623 673 proponi
640 627 728 673 possent.

19 697 59 739 Sed
74 709 222 752 supervacanea
236 694 259 735 fit
275 690 385 735 admonitio
400 707 444 748 cap.
460 693 500 737 IV:
519 695 540 744 1‚-
554 708 607 750 quae
622 709 670 736 cnm
690 694 729 736 hoc

19 774 64 815 loeo
85 770 195 814 arctissime
219 767 323 820 cohaeret,
343 767 360 810 si
378 768 497 824 Apostolum
515 767 618 810 dicentem
633 769 729 811 facimus:

19 847 71 889 Mea
87 848 141 887 eoem
155 850 176 886 et
188 849 276 897 oestro,
291 857 302 884 o
318 842 486 901 Philippenses!
500 843 586 905 vivendi
600 846 659 886 ratio
674 852 712 888 cet.

49 921 156 963 Coelorum
171 918 363 962 commemoratione
375 925 446 960 auctor
460 918 541 960 ducitur
553 917 580 960 ad
593 918 730 969 scribendum,

20 995 75 1053 quod
90 995 113 1036 in
134 994 197 1036 altero
216 1000 277 1035 exstat
292 992 352 1034 huius
366 1007 435 1034 versus
448 993 551 1035 membro:
567 993 588 1043 ἒξ
606 1010 629 1036 ov
643 994 677 1036 noi
690 1009 731 1037 eor-

19 1074 70 1127 τῆρα
83 1066 234 1121 ἀπεκδεχόμεθα
248 1062 323 1122 Kv'ptor
336 1066 415 1122 Ἰησοῦν
427 1064 521 1123 Χριστόν.
546 1068 642 1109 Formula
656 1082 731 1124 nempe

20 1147 41 1194 ἐξ
55 1139 79 1185 οὗ
92 1156 140 1184 cum
154 1154 249 1190 avennio,
263 1155 377 1191 11161110,
393 1155 456 1183 cnoro
470 1141 541 1182 referri
553 1142 626 1197 nequit
638 1141 732 1185 611171611-

20 1235 93 1272 τευμα,
112 1223 182 1270 utpote
201 1216 269 1256 locam
289 1221 344 1256 certe
358 1228 400 1256 non
417 1214 526 1266 denotans,
542 1214 620 1257 etiamsi
636 1215 732 1258 reddatur

20 1294 97 1334 civitas
103 1305 111 1340 ,¹
132 1304 171 1332 nec
186 1303 244 1339 vero,
263 1296 287 1330 ut
306 1302 390 1330 suisne
407 1289 430 1329 in
451 1297 542 1331 mentem
554 1287 621 1344 venit,
636 1284 732 1346 explicari

20 1374 85 1423 potest
104 1381 130 1407 ex
152 1380 193 1422 quo
213 1371 317 1422 tompore,
336 1363 375 1405 nisi
390 1363 486 1419 Apostolo
507 1364 616 1405 obtrudere
633 1364 732 1415 velimus,

21 1441 76 1499 quod
90 1441 115 1483 ab
130 1441 172 1482 eius
185 1446 254 1481 mente
268 1438 358 1480 alienum
373 1437 404 1480 sit.
424 1438 489 1480 Recte
503 1453 595 1480 cuorrus
608 1447 628 1481 et
638 1439 732 1496 plerique

20 1517 141 1570 interpretes
165 1528 249 1555 11111111
269 1511 377 1566 respexisse
397 1519 484 1552 monent
500 1514 592 1568 proxime
608 1515 732 1569 praecedens

20 1590 120 1647 οὐρανοῖς,
139 1595 158 1630 61
176 1589 204 1630 ita
223 1586 318 1643 quidem,
336 1593 359 1627 ut
375 1600 444 1627 sensus
460 1587 525 1643 magis
537 1588 637 1630 rationem
648 1587 733 1631 haberet

21 1679 82 1720 quam
94 1664 156 1706 verbi.
186 1662 246 1704 Haud
259 1660 343 1718 quidem
354 1660 438 1717 ignore,
451 1659 492 1703 hoc
503 1676 571 1704 ranno
584 1678 632 1705 eum
645 1664 733 1719 popula-

20 1739 75 1781 ribus
95 1740 134 1780 suis
151 1751 260 1780 commune
275 1735 348 1785 fuisse,
369 1742 393 1776 ut
410 1736 478 1791 plures
498 1730 540 1778 esse
553 1738 619 1779 coelos
634 1739 732 1783 crederet.

20 1813 60 1856 Sed
78 1828 140 1856 reson
158 1813 196 1854 sibi
209 1812 231 1854 in
244 1825 286 1853 uno
299 1818 379 1853 tantum
396 1825 467 1852 eorum
480 1809 553 1853 throno
567 1812 640 1855 Divino
655 1828 734 1870 propo-

21 1890 60 1931 suit
71 1889 204 1938 insidentem,
219 1887 274 1929 unde
289 1893 386 1928 tenturus
402 1893 463 1937 esset,
478 1886 603 1942 διεληλυθώς
615 1887 662 1938 rode
673 1889 734 1946 οὖρα-

21 1962 77 2016 νούς,
99 1971 122 2005 ut
141 1962 220 2018 scripsit
239 1969 310 2003 auctor
327 1961 444 2018 epistolae
464 1961 496 2003 ool
509 1961 577 2004 Hebe.
592 1963 631 2007 IV:
649 1966 675 2005 14
693 1964 701 2022 ζ
716 1962 732 2021 ).

21 2039 105 2094 Ellipsin
114 2047 191 2079 temere
205 2037 297 2093 fingunt,
314 2036 452 2092 quibrcvircr
467 2039 489 2087 ἐξ
503 2034 527 2079 οὗ
541 2037 639 2093 scriptum
649 2039 734 2094 opinan-

22 2120 54 2154 tur
73 2128 110 2169 pro
129 2115 151 2163 ἐξ
164 2131 187 2156 ov
201 2110 269 2156 τόπου.
298 2111 409 2154 Coniuncta
425 2120 493 2154 autem
509 2114 530 2162 ἐξ
544 2108 570 2156 οὗ
583 2114 617 2156 καί
630 2113 733 2156 reddenda

22 2188 104 2245 quidem
119 2196 166 2230 sunt
181 2188 236 2230 ande
246 2188 324 2237 611111,-
340 2186 375 2228 sed
390 2186 441 2229 baec
456 2193 535 2229 tantum
544 2188 622 2240 valere,
632 2196 733 2244 quantum

22 2263 72 2305 inde
88 2267 154 2315 enim,
170 2272 194 2306 ut
208 2263 317 2305 inserviant
332 2263 417 2304 orationi
432 2261 457 2304 ed
472 2263 593 2304 sententiam
608 2264 733 2319 superiorem

23 2338 192 2390 confirmandam,
208 2337 312 2394 probabile
327 2336 378 2378 milri
392 2337 440 2380 facit
455 2338 577 2392 comparatio
594 2341 605 2378 1
618 2338 668 2382 Gor.
682 2338 702 2379 I:
711 2342 732 2381 8.
783 2380 786 2385 ,

23 2411 61 2457 IV:
78 2402 103 2463 5,
119 2420 139 2454 et
153 2414 240 2459 aliorum
254 2414 346 2455 locorum
363 2409 401 2469 (2).
431 2412 514 2454 Nullam
527 2411 667 2454 difficultatem
680 2413 737 2469 parit,

23 2521 172 2528 m

44 2582 68 2627 (1)
80 2585 104 2616 Cf·
116 2587 127 2616 2
140 2584 178 2618 Cor.
188 2587 228 2634 llll:
240 2590 251 2618 2
262 2587 315 2632 ibique
327 2588 407 2620 wbtsrtm

46 2644 72 2690 (²)
84 2647 161 2689 legantur
173 2659 212 2692 qnae
223 2648 290 2683 diximus
301 2652 317 2683 in
329 2654 388 2684 donet.
401 2650 419 2682 in
432 2649 467 2680 loco
481 2653 512 2680 cet.
523 2658 539 2690 p.
552 2646 591 2679 220,
638 2654 643 2662 ·
