1650 2790
309 563 411 611 CAPUT
435 561 581 611 TERTIUM,

377 968 482 1015 1111151151,
499 967 519 1006 2.

122 1080 210 1123 Laudato
232 1094 378 1122 nruruuonruo
399 1095 475 1122 rannus
496 1093 552 1122 nune
569 1080 597 1121 ita
615 1081 692 1137 pergit,
708 1089 731 1122 ut
744 1081 805 1122 uerba

93 1156 135 1197 rrius
151 1155 298 1213 interpretibus
311 1155 401 1197 multum
413 1155 453 1197 litis
467 1163 487 1197 et
500 1154 611 1198 discordiae
625 1155 748 1210 pepererint.
778 1157 805 1197 At

92 1246 117 1273 ca
132 1232 254 1273 recentiores
269 1239 337 1273 tamen
350 1231 414 1288 magis
426 1231 537 1287 fatigarunt
549 1245 611 1287 quam
624 1229 758 1286 antiquiores,
773 1238 806 1271 ut-

92 1313 140 1361 pote
156 1305 182 1347 ad
199 1307 323 1362 singularem
337 1307 493 1357 sententiarum,
501 1313 528 1348 -et
540 1319 635 1356 sensum,
652 1312 672 1346 et
683 1319 743 1346 usum
757 1319 806 1346 cum

92 1381 179 1423 maxime
200 1380 336 1431 attendentes,
357 1380 426 1422 minus
444 1395 493 1422 vero
514 1379 621 1437 diligentes
642 1381 665 1421 in
683 1378 805 1435 explorando

92 1456 196 1497 universae
221 1454 315 1496 orationis
336 1470 397 1498 nexu.
427 1455 474 1498 Tria
493 1463 562 1498 autem
581 1455 616 1497 hic
632 1454 690 1497 nohis
702 1454 805 1512 proposita

78 1520 148 1580 sunt,
166 1544 228 1586 quac,
244 1538 267 1571 ut
281 1530 387 1572 Particulis
401 1530 510 1586 copulandi
525 1538 606 1583 carent,
619 1530 648 1572 ita
661 1545 688 1571 ne
700 1530 743 1586 ipsa
757 1529 806 1585 qui-

91 1605 139 1646 dem
158 1605 212 1646 inter
231 1619 251 1645 sc
272 1603 380 1646 cohaerere
398 1603 498 1647 videntur.
530 1604 591 1657 Quod
607 1611 676 1646 tamen
689 1618 761 1646 rerum
779 1619 805 1647 an

42 1693 46 1700 ·
94 1680 165 1721 falsum
179 1679 214 1730 sit,
232 1679 322 1735 quaestio
336 1687 365 1721 cst
379 1688 473 1723 accurate
486 1679 597 1722 tractanda.

120 1754 246 1809 Principium
265 1754 289 1797 vd
300 1753 379 1805 laruda,
393 1753 478 1810 cidalpoi
488 1771 541 1808 μου,
554 1754 632 1811 χαίρετε
645 1757 667 1798 ἓν
680 1754 750 1814 Kupdp
762 1754 804 1811 pri-

91 1845 124 1872 ma
142 1829 209 1871 fronte
227 1829 280 1871 farct
299 1829 420 1871 coniecturis
441 1843 572 1871 untunrcnsrr
592 1836 612 1870 et
628 1844 700 1881 raom,
719 1830 805 1872 aliorum

92 1906 152 1960 culpa
165 1904 213 1947 duas
229 1905 326 1946 coaluisse
338 1904 448 1960 Epistolas,
464 1905 549 1946 alteram
563 1905 589 1946 ab
600 1905 697 1960 Apostolo
712 1905 804 1964 Philip-

86 1981 190 2039 pensiles
210 1979 308 2021 universis
320 1980 427 2036 scriptam,
444 1980 541 2031 alteram,
556 1988 579 2022 ut
591 1980 626 2022 ille
637 1981 710 2032 roluit,
726 1981 804 2038 sigilla-

93 2057 129 2096 tim
144 2054 260 2097 hominihus
280 2055 379 2098 amicitiae
393 2055 474 2098 vinculo
487 2055 562 2098 arctius
578 2070 626 2098 cum
642 2071 666 2098 eo
679 2057 803 2108 coniunctis,

93 2131 133 2180 rel,
141 2137 164 2171 ut
177 2129 226 2172 lruic
237 2130 320 2185 placuit,
332 2130 436 2187 Episcopis
445 2138 465 2173 et
472 2131 572 2173 Diaconis.
588 2130 628 2172 Sed
634 2130 669 2174 has
678 2132 803 2175 coniecturas

94 2207 147 2248 leves
162 2204 274 2262 dignasque
291 2220 343 2257 esse,
360 2220 417 2261 quae·
436 2205 532 2247 obliuioni
554 2204 672 2256 tradantur,
688 2221 749 2262 supra
764 2208 805 2250 iarn

93 2281 179 2323 vidimus
194 2280 202 2338 (
217 2278 233 2338 l.
263 2280 359 2323 lllaiorem
375 2280 470 2335 plausum
482 2279 530 2322 tulit
545 2280 644 2323 sententia
656 2282 806 2338 euor11,Apo-

93 2357 168 2399 stolum
181 2355 216 2398 hic
230 2355 288 2399 finire
301 2356 388 2398 votuisse
402 2356 522 2412 Epistulam,
539 2355 574 2397 sed
590 2363 670 2412 postea,
690 2371 737 2399 euru
750 2365 805 2399 tcm-

34 2477 37 2481 ,
93 2433 147 2488 poris
164 2431 269 2489 aliquanto
286 2432 332 2489 plus
349 2432 468 2488 accepisset,
484 2430 583 2474 addidisse
598 2446 631 2483 ea,
646 2447 699 2489 quae
713 2447 805 2490 sequun-

93 2514 133 2551 tur.
168 2508 208 2550 Sed
232 2506 282 2550 lruic
308 2522 390 2565 quoque
417 2508 529 2552 sententiae
552 2509 635 2565 opposui
657 2524 705 2552 euru
730 2524 804 2553 scrun-

118 2667 140 2713 (r)
152 2667 229 2700 intrata.
241 2679 257 2710 p.
271 2670 301 2707 rc,
316 2670 344 2702 rr.
383 2662 387 2667 “
