1650 2790
246 52 289 81 aar.
305 40 339 83 lv.
357 55 413 83 vans.
429 43 453 91 7,
470 44 495 83 8:
685 45 726 85 289

19 163 90 215 οὕτως,
106 162 136 212 ,αἱς
152 161 199 206 οὐδὲ
211 164 258 212 νοῦς
271 166 388 225 καταλαβεῖν
401 161 495 216 dilueret,
511 163 573 214 αὐτός
584 163 640 218 ὑμεῖς
652 165 730 219 διαφυ-

19 239 91 290 λάξειε,
110 238 143 279 καὶ
163 235 305 293 depellente,
325 230 375 280 aiore
396 238 460 294 μηδὲν
477 241 557 282 παθεῖν,
587 240 731 281 lbsrrnrnsrus

18 322 129 369 utrumque
142 312 170 354 ita
186 311 302 368 coniungit,
317 320 341 354 ut
352 313 472 368 Apostolum
483 321 503 354 et
516 321 585 370 optare
597 315 637 356 aiut
650 322 670 356 et
681 328 730 370 pro-

19 388 133 432 missionem
146 388 220 429 laeere.
251 387 291 429 Sed
303 395 326 429 ut
340 387 395 430 haud
409 388 461 438 scio,
477 403 502 429 an
514 388 660 444 interpretandi
673 389 730 446 leges

19 472 129 519 utrumque
149 463 274 519 coniungere
294 471 373 513 retent,
392 463 420 506 sie
439 463 480 504 iam
495 477 555 518 supra
569 462 730 512 demonstratum

19 547 53 589 est,
65 538 159 580 orationis
170 537 242 579 seriem
255 539 367 593 postulare,
379 545 402 579 ut
414 537 486 579 Futuri
495 537 550 579 notio
562 537 672 579 retineatur
681 553 729 580 eum
791 579 792 583 ,

20 612 112 663 snasuc',
133 627 235 663 cassino,
255 626 444 663 Gn0r10,EnAsa10
467 626 575 654 seuunue.
607 614 729 655 Sonnrunm

20 703 67 732 eum
80 695 135 730 reete
148 687 208 730 etiam
225 686 362 743 adloquendi
375 701 436 729 usum
448 702 566 743 provocasse
581 703 604 730 ex
620 703 730 744 eompara-

19 764 73 806 tione
93 770 187 819 appareat
206 762 316 804 verborum
335 776 403 803 versus
420 764 442 803 9:
464 764 528 804 ταῦτα
546 758 649 817 πράσσετε
670 761 704 811 καὶ
721 760 734 802 0‘

20 837 67 888 Θεός
86 841 122 894 τῆς
141 833 218 892 εἰρήνης
231 835 286 879 ἔσται
298 834 347 890 μεθ)
359 835 428 889 ὑμῶν,
450 835 514 876 otium
534 833 585 875 mihi
603 835 681 876 laetum
702 843 731 875 cst

20 913 119 969 exempla,
135 925 224 968 querum
235 910 308 967 ingens
322 917 385 951 exstat
398 910 466 965 eopia,
479 908 561 951 aliunde
575 909 680 951 afferendi.
696 910 733 951 Er-

20 1003 45 1046 go
60 1002 137 1029 nunnus
151 986 331 1043 Pbilrppeesz'bus
347 984 438 1039 exponit,
456 983 505 1039 quid
519 983 559 1025 illis
575 984 732 1040 exspectandum

20 1064 52 1114 sit,
73 1062 89 1104 si
110 1060 208 1103 desideria
225 1074 271 1110 sua,
286 1068 309 1100 ut
322 1066 410 1115 opertet,
425 1058 480 1114 apud
496 1059 562 1100 Deum
578 1060 731 1114 explicaverint

18 1139 64 1180 Non
78 1136 186 1194 pollicetur
199 1149 274 1190 nempe
285 1134 403 1189 Apostolus,
413 1140 443 1184 *ut
458 1132 524 1174 verbis
536 1141 581 1174 utar
594 1148 732 1185 surcnrsren,

21 1215 103 1258 omnino
122 1215 175 1263 fore,
196 1220 220 1253 ut
238 1226 274 1253 nes
291 1211 345 1252 Deus
359 1226 382 1252 er
398 1209 544 1252 calamitatibus
562 1218 582 1251 et
598 1209 695 1266 angustiis
710 1209 732 1251 in

19 1289 58 1333 ltae
73 1289 113 1331 vita
127 1287 209 1338 liberet3
226 1285 261 1327 sed
274 1285 381 1341 pollicetur
395 1284 452 1341 nobis
466 1283 498 1335 id,
513 1283 568 1340 quod
583 1284 677 1326 omnibus
690 1284 732 1326 hu-

20 1365 50 1405 ius
70 1363 121 1405 vitae
140 1362 198 1404 bonis
215 1361 279 1403 maius
293 1368 313 1401 et
325 1359 432 1414 optabilius
448 1367 490 1412 est,
503 1373 577 1414 pacem
592 1359 691 1400 nimirum
704 1359 732 1400 il-

20 1440 61 1481 lam
73 1438 120 1489 Dei,
138 1451 190 1493 quae
205 1443 310 1491 exsuperat
323 1448 405 1476 omnem
417 1441 515 1476 mentem.

326 1632 381 1659 vens,
399 1620 419 1659 8.
480 1618 481 1621 '

49 1737 183 1781 Promissieue
202 1736 382 1793 Ptilppensz'hus
404 1735 457 1776 facta
477 1749 553 1775 rannus
573 1733 598 1776 ad
619 1748 663 1775 rem
681 1733 732 1776 alius

21 1812 136 1871 argumenti
150 1810 308 1868 transgreditur,
332 1817 355 1851 ut
372 1809 458 1851 ostendit
473 1810 561 1853 formula
574 1809 598 1853 τό
612 1807 692 1862 λοιπόν,
707 1810 732 1852 de

21 1903 62 1944 qua
80 1886 166 1928 diximus
183 1881 210 1928 ad
222 1900 265 1941 cap.
278 1885 318 1927 Ill:
336 1887 355 1927 1.
385 1886 478 1927 Primum
492 1885 555 1946 igitur
568 1884 657 1927 scribens
672 1884 732 1927 α’δελ-

22 1959 57 2018 ptr
74 1961 207 2017 appellatione
230 1960 304 2010 utitur,
324 1975 365 2017 qua
385 1961 485 2002 lectorum
507 1960 594 2010 animos,
615 1959 631 2001 si
652 1959 732 2016 gravius

22 2036 72 2091 quid
87 2043 230 2092 praecepturus
246 2044 286 2084 est,
305 2035 343 2077 sibi
358 2035 467 2078 conciliare
480 2036 536 2078 solet.
567 2037 621 2077 Tum
636 2034 687 2077 haee
702 2050 733 2076 se-

22 2111 91 2165 quitur
104 2111 223 2153 admonitio:
239 2106 277 2154 deu
294 2111 347 2153 ἐστὶν
365 2110 446 2167 ἀληθῆ,
464 2105 502 2152 deo
516 2110 588 2163 espect,
602 2105 641 2153 dod
654 2100 733 2161 δίκαια,

23 2180 59 2228 ὅσα
78 2186 140 2241 dyvd,
159 2182 198 2228 doe
215 2188 327 2243 προσφιλῆ,
345 2181 384 2228 ὅσα
397 2182 492 2242 εὔφημα,
509 2182 528 2227 εῗ
539 2202 568 2235 τις
582 2185 652 2242 α’ρετή,
668 2187 700 2228 καὶ
715 2185 735 2228 εἴ

22 2275 49 2308 τις
62 2252 150 2312 ἐἀααος,
163 2264 227 2304 ταῦτα
240 2259 350 2316 λογίζεσθε,
377 2260 494 2304 Verborum
506 2260 591 2302 cumulo
604 2268 674 2303 orietur
686 2261 733 2303 ani-

23 2334 52 2373 mi
64 2334 94 2376 sui
107 2335 200 2377 arderem
214 2335 314 2391 patefacit.
330 2336 373 2377 Nee
387 2335 481 2387 virtutes,
497 2349 546 2391 quas
554 2334 733 2393 Philippensibus

25 2410 166 2452 commendare
182 2412 235 2461 vult,
252 2411 276 2452 ad
291 2409 370 2452 sehelae
386 2410 512 2467 diligentiam
529 2419 629 2461 recenset,
646 2410 681 2453 sed
694 2426 733 2468 po-

23 2484 119 2536 puleriter
141 2500 172 2528 eas
191 2493 307 2538 enumerat,
325 2486 393 2542 prouti
408 2486 459 2528 aliae
474 2485 512 2528 sibi
526 2493 572 2542 pest
585 2486 632 2528 alias
647 2501 734 2529 succur-

24 2567 77 2601 runt.
106 2561 162 2602 llens
180 2561 223 2604 eius
242 2578 283 2606 esse
304 2561 393 2604 ridetur:
416 2560 525 2613 Ceterum,
540 2560 648 2616 Fratres,
665 2578 735 2621 quae-

25 2647 104 2692 eunque
117 2641 168 2677 εααί
182 2652 246 2692 cero,
261 2653 397 2697 quaeeunque
410 2637 500 2693 decore,
515 2654 656 2697 proceraeque
669 2642 737 2691 iuste,
752 2661 756 2672 =

621 2719 648 2758 19
