1650 2790
336 44 453 72 turnorrus.
722 29 748 70 15

39 174 62 202 ac
77 153 218 213 praecedentia
232 154 302 196 nollet
315 153 353 210 peip
368 156 508 211 περιπατοῦσι,
522 153 568 195 talia
581 160 638 204 sunl,
655 160 679 194 ut
690 166 750 195 eamr

40 233 101 277 oratio
115 231 178 287 magis
193 229 304 272 inserviisse
319 228 410 270 videatur
424 229 449 271 ad
463 231 540 272 malum
552 229 660 271 imminens
673 242 750 271 caren-

39 310 99 359 dum,
120 322 182 364 quam
198 320 293 363 praesens
307 305 454 361 repellendum.
484 306 663 365 Plcilrppenst'dus
676 305 750 362 igitur,

39 399 65 427 ne
80 396 142 440 quem
157 381 265 439 aliquando
281 382 367 438 erempli
382 382 410 423 vis
426 382 451 424 ab
466 381 550 422 honesto
566 379 667 431 detrahat,
682 379 752 422 homi-

40 474 86 509 nes,
106 457 145 499 nisi
162 457 232 508 fallor,
249 457 410 508 denunciantur,
424 456 583 516 longelateque
598 463 702 512 vagantes,
715 454 752 512 qui

40 534 79 575 rita
93 533 188 575 dissoluta
203 548 288 583 nomen,
309 530 364 589 quod
379 540 463 588 gerunt,
479 529 615 573 Christianum
630 529 753 572 dedecorant

41 610 147 666 crucisque
162 623 245 651 camsrr
259 608 323 664 magis
338 606 444 649 adversarii
457 621 518 664 quam
533 614 640 648 sectatores
653 605 693 648 dici
706 619 752 645 me-

41 692 118 726 rentur.
149 686 182 727 Sic
202 699 262 725 runai
277 689 369 724 mentem
384 683 425 724 iam
440 682 566 739 explicarunt
580 683 676 733 Veteres,
692 695 753 738 prae-

43 767 103 800 eunte
116 772 265 800 cunrscsrorro
278 755 322 814 (1),
341 757 398 798 cuius
410 756 461 799 haec
474 757 535 800 verba
549 765 606 799 sunt:
618 757 695 813 Ἐπειδὴ
706 771 755 805 τινες

41 832 93 891 ἦσαν
106 835 253 889 ὑποκρινόμενοι
264 832 301 886 μὲν
312 831 347 874 rdv
359 831 519 889 χριστιανισμόν,
532 834 553 875 ἓν
567 831 631 875 artae
645 833 669 874 δὲ
684 832 756 883 ζῶντες

42 979 105 1033 οὕτως
120 981 177 1038 ἔλνγε.
207 983 325 1024 Lurconum
346 988 414 1022 autem
433 983 621 1024 commemorationi
636 997 684 1024 cum
698 981 756 1023 nulla

43 1071 198 1099 rnrnrrmusrurr
214 1055 328 1119 objurgatio
343 1054 486 1112 adspergitur,
501 1055 549 1097 inde
562 1056 606 1110 jam
617 1064 711 1112 apparet,
722 1070 756 1098 eos

42 1133 162 1190 praestitisse
178 1132 311 1179 Corinthiis,
329 1130 436 1187 apteras
452 1130 546 1185 aliisque,
563 1144 652 1186 quorum
664 1132 757 1173 nonnul-

44 1210 73 1249 los
93 1215 147 1250 certe
161 1208 183 1249 in
199 1206 304 1248 Bacchum
321 1213 341 1245 et
354 1205 457 1248 Venerem
474 1205 604 1260 procliviores
622 1206 683 1247 luisse
698 1207 758 1247 nori-

44 1297 89 1323 rnus
105 1281 127 1339 (2
128 1279 143 1338 ).
173 1281 249 1323 Ararit
235 1289 274 1323 trae
289 1293 372 1336 quoque
385 1279 409 1320 iis
424 1278 550 1321 obiiciendae
564 1279 644 1321 nullam
656 1295 697 1322 esse
707 1288 758 1337 pute

45 1371 125 1399 cansam
139 1357 178 1398 nisi
190 1356 213 1398 in
227 1356 294 1398 minus
309 1362 365 1397 recta
376 1354 541 1411 interpretatione
553 1355 664 1397 verborum
674 1370 718 1413 cap.
727 1356 757 1397 H:

45 1435 57 1473 2
74 1447 117 1489 sqq.
140 1441 159 1473 et
175 1433 216 1476 IV:
234 1434 261 1475 to
281 1429 320 1488 (3).
350 1430 416 1471 Immo
435 1429 542 1471 virtutibus
554 1430 583 1472 ita
597 1431 756 1486 splenduerunt,

45 1515 68 1547 ut
89 1522 136 1549 oum
154 1507 265 1548 luminibus
281 1504 367 1548 aetheris
382 1503 495 1560 comparari
514 1513 595 1560 possent
614 1504 653 1564 (4).
683 1507 759 1563 Negari

47 1589 113 1623 tamen
126 1583 207 1638 nequit,
222 1581 276 1623 lianc
292 1581 360 1622 lucem
375 1578 525 1636 quodammodo
537 1579 665 1623 obscuratam
673 1596 716 1623 esse
724 1596 759 1623 ar-

47 1658 148 1714 rogantia,
170 1656 275 1713 superbia,
296 1669 348 1697 rana
370 1655 446 1711 gloriae
467 1653 589 1709 cupiditate,
604 1671 663 1713 ‘quae
679 1657 724 1698 lites
740 1663 760 1697 et

47 1733 186 1774 contentiones
204 1732 325 1781 excitarent,
348 1743 419 1785 paoem
437 1737 456 1771 et
470 1730 638 1786 tranquillitatem
656 1733 760 1774 turbantes

47 1814 67 1847 et
86 1807 232 1849 veteratoribus
250 1806 353 1864 quibusvis
374 1821 398 1848 ac
417 1805 553 1847 nebulonibus
570 1807 670 1849 societatis
688 1821 760 1849 eorum

48 1881 208 1937 corrumpendae
221 1882 274 1924 viam
286 1881 404 1936 aperientes.
436 1881 575 1933 Quamobrem
589 1896 664 1924 rannus
676 1897 710 1924 eos
721 1881 761 1924 hac

48 1958 69 1998 in
90 1957 178 2013 Epistola
199 1956 224 1998 ad
244 1956 374 2007 modestiam,
391 1956 495 1998 caritatem
510 1958 613 2008 mutuam,
631 1957 761 2000 concordiam

48 2033 135 2074 maxime
149 2032 267 2075 adhortatur
279 2029 317 2089 (5).
338 2032 475 2073 Dissensiones
489 2039 559 2074 autem
570 2032 625 2075 unde
639 2034 761 2084 exstiterint,

50 2105 129 2149 definiri
150 2109 231 2165 nequit,
255 2106 290 2149 sed
312 2108 348 2165 qui
363 2121 395 2150 eas
413 2121 461 2149 eum
476 2120 608 2150 arcanorum
625 2107 656 2166 (6)
673 2109 762 2164 partium

73 2279 98 2325 (l)
110 2284 158 2314 Hom.
170 2284 189 2314 in
202 2283 236 2324 Ep.
247 2290 295 2313 rrum
308 2282 330 2312 nd
342 2282 388 2314 Patr.
401 2282 421 2313 ad
434 2282 450 2315 h.
462 2282 474 2314 l.
488 2282 527 2323 Opp.
539 2283 582 2313 Tem.
594 2283 621 2314 XL
634 2292 703 2314 rrorrrrr.

73 2341 98 2385 (2)
111 2344 195 2385 Hormus,
215 2343 305 2377 Introduct.
319 2348 335 2375 to
347 2345 374 2376 tlte
387 2346 425 2376 crit.
436 2344 479 2376 stud.
493 2342 526 2374 und
539 2344 634 2387 ltrrowtedgc
646 2343 667 2386 of
677 2345 705 2376 tlte
719 2343 762 2385 1111111

51 2405 112 2445 Script.
124 2406 159 2438 Vol.
170 2407 197 2439 IV.
210 2418 225 2449 p.
237 2406 276 2438 378.
289 2405 318 2438 Ed.
331 2405 348 2436 7.

74 2462 98 2507 (3)
111 2466 135 2497 Gt
148 2477 247 2499 nrusrraus.
260 2478 276 2509 p.
290 2467 330 2498 174.

76 2525 151 2570 (perp.
164 2530 192 2560 11:
208 2531 236 2561 15

76 2586 181 2632 (north
195 2591 265 2622 2711
281 2590 380 2633 rsqqm
394 2592 451 2623 rrr=r
444 2590 514 2622 reru.
528 2590 614 2632 1,.5,

77 2650 102 2694 (6)
114 2651 185 2683 11111111
200 2652 216 2683 irr
232 2651 261 2683 dns
275 2652 297 2685 Ν,
313 2652 330 2683 T
347 2652 390 2684 Tem.
403 2652 434 2683 lll.
444 2652 485 2683 Part.
501 2652 516 2682 l.
529 2662 545 2693 p.
560 2652 592 2682 307
605 2661 655 2694 sqq.
