1650 2790
92 24 113 60 12
385 36 500 63 raraorrns.

87 144 203 186 coniectura
218 152 303 196 onorii,
320 152 423 187 auctorem
439 162 482 203 eap.
497 146 539 188 tlt:
558 148 567 186 1
584 145 642 185 finire
654 145 739 186 voluisse
746 144 795 200 Epi-

87 220 168 269 stolam,
191 219 226 261 sed
248 228 326 275 postea,
350 235 398 261 oum
412 223 508 278 temporis
523 221 624 278 aliquanto
639 219 686 275 plus
700 219 795 269 haberet,

87 293 185 335 addidisse
205 308 238 343 ea,
262 309 313 350 quae
334 303 452 350 sequuntur.
484 296 552 349 Quare
566 293 682 337 mirandum
697 308 738 335 non
754 300 795 341 est,

86 367 140 409 haud
165 382 239 423 paucos
260 370 320 411 fuisse
341 370 475 426 interpretes,
498 372 533 426 qui
555 370 657 413 caleulum
679 369 698 409 ei
720 367 797 414 adiice-

82 450 131 483 rent
148 441 186 499 (1).
217 444 316 500 Equidem
335 453 403 486 tamen
417 445 513 500 Apostolo
529 444 636 486 eonsilium
651 446 740 486 tribuero
755 457 796 483 non

86 517 150 558 ausim
165 515 276 574 Epistolae,
292 534 354 575 quam
368 518 484 561 hominihus
499 518 611 568 scrihebat,
628 521 662 575 qui
672 517 796 560 munificen-

86 591 135 632 tiam
158 607 214 634 suam
237 594 255 634 ei
275 609 340 650 nuper
363 592 430 635 denuo
445 593 590 650 probaverant,
610 600 668 634 antea
682 592 793 641 finiendae,

87 681 148 723 quam
170 667 235 710 serbis
257 671 352 725 expressis
374 669 446 725 gratias
466 684 503 725 pro
523 667 575 710 dono
591 668 703 709 sibialiam
719 669 795 724 egisset.

86 743 139 784 Tum
154 759 201 785 sero
216 745 278 795 infra,
301 753 324 786 ut
339 743 389 786 mihi
403 759 521 800 persuasum
537 751 576 795 est,
591 743 707 794 docebitur,
723 756 797 784 onoma

34 859 36 862 .
86 820 206 861 sententiam
221 818 275 861 haud
291 834 347 861 seous
361 834 454 874 perversa
464 819 501 860 niti
512 819 677 875 interpretatione
688 818 797 859 verborum

87 908 130 948 oap.
146 894 189 934 ffl:
207 896 225 943 1,
242 908 304 949 quam
319 908 447 935 namnrensra
463 901 482 935 et
498 908 557 934 raum
574 893 677 949 opiniones
692 891 730 950 (2)
754 892 796 933 lta-

86 983 126 1023 que
142 983 217 1025 negare
233 959 316 1024 quidem
331 970 438 1020 nolumus,
454 961 569 1018 auctorem,
589 968 708 1024 priusquam
723 965 796 1008 incho-

86 1049 142 1084 atum
157 1042 279 1094 absolveret,
295 1043 396 1086 scribendi
410 1042 594 1099 intercapedinem,
611 1056 696 1098 eamque
710 1042 803 1098 piusse-⁴

86 1117 128 1157 mel
150 1118 229 1168 fecisse,
251 1118 286 1159 sed
307 1119 364 1160 milla
385 1134 427 1160 esse
448 1119 527 1161 ridetur
549 1135 619 1168 eausa,
636 1133 672 1160 eur
692 1133 726 1168 ea,
745 1106 797 1173 quae

88 1207 144 1247 eapp.
166 1193 196 1233 lu
219 1201 239 1234 et
259 1193 289 1237 IV
310 1194 367 1235 nobis
389 1194 461 1237 tradita
481 1202 537 1244 sunt,
558 1193 717 1236 additamentum
731 1193 797 1248 potius

86 1267 186 1322 Epistolae
201 1282 263 1324 quam
279 1269 451 1324 complementum
466 1269 582 1311 habeamus.

115 1342 245 1383 Pervenimus
261 1356 317 1384 nune
331 1341 357 1383 ad
371 1341 431 1383 huius
446 1342 546 1398 Epistolae
561 1347 711 1400 argumentum.
736 1341 796 1394 Quod

85 1424 108 1457 ut
129 1416 182 1458 bene
203 1417 341 1473 intelligatur,
365 1418 455 1473 quaestio
477 1425 515 1466 est,
538 1417 620 1473 (prolem
644 1432 667 1459 ea
682 1417 796 1458 societatem

84 1491 262 1549 Pdilzppeusium
279 1491 411 1534 Christianam
425 1491 534 1533 lectoribus¹
550 1499 660 1548 proponat:
677 1492 796 1534 afalsisiam

86 1565 202 1608 doctoribus
224 1566 245 1607 in
266 1581 343 1608 errores
362 1566 479 1617 inductam,
495 1581 521 1607 an
537 1567 642 1608 tenociniis
658 1581 728 1608 eorum
744 1582 798 1607 non-

87 1642 136 1683 dum
152 1650 279 1698 corruptam3
296 1643 347 1684 vitiis
363 1642 487 1698 gravioribus
502 1643 671 1691 contaminatam,
687 1657 713 1683 an
729 1642 797 1682 illiba-

86 1726 140 1768 tamg
164 1718 234 1773 opibus
256 1718 384 1768 affluentem,
406 1732 432 1758 an
453 1731 523 1758 rerum
539 1725 633 1774 egentem
646 1724 666 1758 et
680 1732 796 1773 pauperem.

85 1792 178 1834 Primum
201 1792 257 1853 quod
276 1794 357 1843 attinet,
380 1800 466 1849 quatuor
488 1792 518 1832 itti
541 1793 659 1847 praesertim
680 1792 797 1835 recensendi

85 1867 126 1909 iooi
148 1876 204 1918 sunt,
226 1868 248 1909 in
268 1869 342 1924 quibus
356 1867 448 1909 homines
463 1875 602 1909 momorantur
618 1868 701 1910 carendi
717 1868 748 1910 vei
763 1870 798 1910 fu-

87 1942 166 1999 giendi:
183 1943 243 1985 Pott.
260 1943 283 1983 I:
302 1945 381 1994 15-18,
397 1958 424 1985 rs.
441 1946 480 1994 28,
497 1958 540 1999 eap.
557 1944 596 1985 III:
611 1946 662 1994 2-4,
679 1959 706 1985 vs.
717 1946 751 1993 18,
763 1946 796 1985 to.

86 2017 126 2059 Sed
141 2026 231 2060 mentem
247 2033 306 2059 rerum
323 2034 365 2074 cap.
381 2019 403 2059 I:
422 2021 502 2068 15-18,
518 2033 566 2060 oum
579 2026 646 2061 narret
658 2025 738 2060 tantum
750 2033 797 2059 mo-

85 2093 152 2135 lestias
167 2095 204 2135 sihi
219 2093 301 2136 Romae
317 2101 402 2145 creatas,
418 2093 452 2136 hie
468 2094 571 2149 explorare
586 2109 627 2136 non
639 2108 689 2150 opus
697 2102 731 2136 est.
755 2095 797 2135 Nec

84 2268 201 2311 Piritrppreusos
219 2266 279 2297 exstitit
296 2260 373 2310 Epistola,
393 2277 438 2311 quaro
455 2267 578 2299 testimoniorum
590 2268 695 2310 antiquiorum
708 2269 798 2299 anctoritate

86 2335 101 2359 et
113 2329 149 2361 tide.

109 2390 135 2434 (1)
148 2392 232 2424 Knaosius
243 2391 255 2421 l.
267 2402 280 2422 e.
302 2391 347 2422 Hono
359 2391 371 2422 t.
384 2403 397 2422 r.
410 2401 426 2432 p.
438 2391 471 2432 60,
485 2390 512 2422 61.
531 2389 661 2423 Rauranum.
674 2402 687 2421 c.
701 2402 718 2433 p.
732 2392 759 2433 54,
768 2391 796 2423 55.

85 2451 118 2484 atii.
142 2453 175 2484 Iam
187 2462 279 2487 samonaos
291 2463 311 2485 aa
324 2461 374 2484 norun
384 2451 475 2495 bipartitam
487 2450 544 2483 habuit
555 2451 639 2495 Epistulam
651 2461 699 2484 ratim
710 2454 727 2484 in
744 2453 798 2483 rai-ta

85 2515 148 2546 Sacrae
161 2516 203 2547 Tom.
215 2516 236 2546 lt.
249 2526 265 2558 p,
279 2516 320 2557 332,
333 2515 373 2545 343.

109 2575 132 2617 (2)
146 2577 174 2607 en.
187 2578 289 2608 Brnrrroam.
300 2588 317 2619 p.
330 2576 386 2617 atat,
399 2577 450 2608 3435.
470 2576 542 2608 transm.
554 2587 569 2618 p.
582 2575 623 2615 693,
638 2576 676 2608 694.
700 2579 762 2613 Senior,
772 2576 797 2605 tta

85 2639 151 2670 ehrmtt.
163 2641 206 2670 (tear.
220 2649 242 2669 au
253 2639 335 2681 Philipps.
347 2648 363 2680 p.
377 2639 398 2668 to
410 2649 443 2681 sqq.
