1650 2790
350 46 464 73 tranctans,
742 30 768 70 19

57 163 154 203 lituorum
167 157 269 211 pnopniac,
287 169 336 208 qum
349 142 474 195 Graecorum
490 150 605 207 Philosophi
618 150 728 206 posteritati
738 163 769 192 re«

57 237 165 289 liquerunt.
197 231 270 272 Passim
288 244 309 271 se
320 229 410 284 produnt
425 230 532 271 verborum
545 228 637 270 notiones
650 235 669 268 et
685 232 768 267 senten-

58 310 130 350 tiarum
146 313 268 354 structurae,
292 304 370 346 Iudaeis
386 318 468 346 cnmsrr
484 313 503 347 et
519 303 662 358 Apostolorum
678 309 769 356 ternpore

58 384 149 432 usitatae,
166 380 278 437 siquando
295 381 372 422 Graece
387 388 421 421 aut
433 380 570 436 loquebantur
586 378 632 427 soli,
649 385 684 419 aut
695 383 768 417 mutuo

57 457 231 512 colloquebantur.
266 455 393 498 Hebraismos
411 456 529 511 frequenter
550 452 603 494 dicta
622 450 675 527 bene
691 453 769 494 Graeca

57 533 159 587 excipere,
175 530 275 573 maiorum
290 529 388 571 memoria
404 543 415 569 a
430 527 533 569 nonnullis
545 534 770 583 temerenegatnmaut

57 610 78 649 in
99 606 245 650 dubitationem
261 613 355 647 vocatum
368 612 407 654 est,
424 612 446 644 ut
456 603 522 660 'hodie
536 603 589 643 inter
600 618 669 644 omnes
685 610 769 646 constat.

56 684 150 740 Magnam
172 697 219 723 sane
241 680 329 722 mirandi
345 694 426 722 causam
442 679 573 728 haberemus,
590 679 606 718 si
622 693 698 720 rannus
710 677 770 719 aliam

58 757 158 800 scribendi
170 765 250 798 secutus
265 764 314 797 esset
327 756 432 796 rationem.
463 754 495 796 nd
507 753 561 795 hanc
571 769 583 795 a
593 754 661 808 pueris
668 753 771 795 institutus

59 839 107 873 erat.
137 831 195 872 Hanc
210 830 330 871 inutiliorem
347 831 365 870 ei
380 829 456 870 lecerat
471 829 531 870 lectio
547 827 772 883 InterpretationisVe-

59 906 105 947 teris
124 906 246 947 Testamenti
265 904 419 947 Alexandrinae.
455 904 500 945 Huc
521 902 639 958 quotidiano
659 902 772 945 ducebatur

58 981 187 1036 popularium
208 995 291 1021 suorum
307 996 351 1021 usu.
382 980 422 1020 Sed
438 994 497 1021 raum
512 978 584 1028 oratio,
599 993 725 1036 quamquam
738 979 772 1021 in-

59 1056 142 1112 genium
160 1057 237 1111 spirans
256 1055 383 1105 Hebracum,
402 1055 548 1110 vituperatione
567 1062 635 1096 tamen
651 1054 713 1111 digna
730 1069 772 1096 non

59 1139 94 1180 cst,
109 1145 181 1186 quam,
200 1131 284 1172 testibus
300 1132 340 1173 iam
356 1131 457 1172 Ecclesiae
469 1130 571 1179 Patribus,
584 1131 697 1171 multorum
713 1129 774 1170 subiit

59 1206 133 1248 rusticio
155 1204 193 1264 (1)
223 1206 338 1248 Hebraismi
353 1207 407 1247 enim
424 1221 520 1263 magnam
537 1213 616 1260 partem
632 1204 714 1247 dicendi
725 1204 772 1246 red-

59 1280 110 1321 dunt
126 1281 233 1330 formulas,
248 1281 390 1336 antiquissimis
406 1282 530 1335 temporibus
546 1281 612 1331 tritas,
630 1294 679 1336 quas
692 1294 774 1320 snorum

59 1355 193 1396 Orientalium
213 1355 308 1396 stabilitas
327 1353 412 1396 serravit
424 1362 444 1395 et
459 1356 484 1397 ad
496 1357 635 1410 posteritatem
647 1356 774 1411 propagarit.

61 1430 143 1470 Plurimi
163 1444 233 1470 eorum
251 1429 351 1471 debentur
363 1429 489 1479 hominibus,
506 1432 552 1486 qui,
565 1438 588 1471 ut
599 1432 638 1472 lert
650 1431 773 1486 populorum

59 1505 152 1553 infantia,
174 1505 298 1559 voluptatem
317 1504 365 1546 inde
386 1514 495 1560 oeperunt,
517 1505 572 1561 quod
591 1507 664 1547 mentis
688 1506 773 1562 cogitata

14 1565 17 1579 ‚
59 1593 121 1636 qnam
134 1579 220 1621 maxirne
233 1579 375 1633 adspectabilia
389 1580 494 1622 faciebant.
525 1580 585 1621 Haud
597 1595 643 1623 raro
656 1581 716 1622 etiam
729 1586 774 1637 gra-

58 1664 100 1696 tam
124 1654 226 1710 quandam
246 1655 268 1695 in
285 1655 308 1696 iis
325 1670 410 1712 regnare
431 1656 522 1697 ridemus
543 1656 699 1713 negligentiam,
719 1656 774 1711 quali

59 1731 170 1771 etiamnum
182 1731 204 1770 in
216 1731 256 1771 vita
269 1732 373 1772 communi
385 1731 472 1782 utimur,
485 1746 538 1774 cum,
546 1732 621 1773 variata
630 1733 668 1772 oris
676 1731 774 1781 flexione,

59 1805 166 1846 oculorum
186 1813 255 1855 motu,
277 1806 365 1861 gestibus
383 1808 472 1861 corporis
491 1807 585 1862 supplere
602 1807 701 1856 solemus,
719 1805 775 1860 quod

58 1880 96 1934 ipsi
115 1881 202 1921 sermoni
219 1880 281 1923 deest.
317 1883 384 1937 Atque
407 1881 459 1923 lianc
477 1882 624 1938 negligentiam
641 1896 689 1923 cum
708 1890 773 1924 anuto

59 1956 133 2011 magis,
150 1970 212 2011 quam
226 1956 286 1996 multi
304 1963 387 2011 putant,
402 1971 533 1998 communem
547 1944 662 1999 babuerunt
677 1958 699 1998 iu
710 1956 773 1998 Dia-

61 2031 118 2088 logt's
133 2032 173 2071 suis
188 2045 263 2079 oraro,
279 2031 301 2070 in
313 2030 424 2088 Epistulas
439 2045 515 2072 arcano
532 2032 607 2087 aliique
622 2032 728 2087 scriptores
739 2047 774 2073 re-

61 2110 122 2154 teres,
139 2119 227 2160 quornm
239 2106 302 2147 oratio
315 2106 376 2162 vulgo
390 2105 472 2162 quidem
486 2107 588 2162 exemplar
597 2108 709 2164 elegantiae
716 2122 774 2162 prae-

60 2182 108 2221 bere
124 2189 222 2223 censetur.
239 2182 303 2222 Nemo
316 2189 384 2223 autern
398 2181 488 2238 ignorat,
505 2181 561 2224 hunc
574 2183 694 2237 Apostolum
701 2183 774 2224 Gracci

61 2256 157 2298 sermonis
171 2257 316 2312 proprietatem
323 2258 390 2298 minus
402 2256 473 2298 erebro
485 2258 603 2314 neglexisse,
614 2273 681 2314 qnam,
691 2266 774 2313 excepto

64 2345 125 2381 euos,
139 2340 215 2374 ceteros
227 2332 278 2373 Nori
291 2333 414 2374 Testamenti
426 2333 539 2388 scriptores.
555 2334 580 2374 Et
590 2335 670 2384 nitoris,
679 2333 735 2388 quod
744 2348 776 2375 re-

63 2405 177 2460 linquebat,
194 2408 317 2449 desiderium
333 2408 426 2449 orationis
440 2408 458 2446 u
473 2415 493 2447 et
505 2409 571 2449 nervis
584 2410 720 2464 compensarit
738 2407 776 2466 (2).

87 2587 110 2632 ll)
122 2589 193 2620 arenant
205 2600 259 2631 sinuo,
273 2594 319 2624 llr'st.
332 2594 369 2624 crit.
382 2593 404 2623 du
416 2597 459 2623 testa
471 2593 494 2623 do
510 2594 530 2624 Ν.
548 2592 567 2624 Τ,
579 2603 594 2634 p.
609 2592 641 2624 303
655 2604 688 2636 sqq.
736 2589 737 2592 ¹

88 2651 111 2695 (2)
124 2650 152 2683 Crl'.
165 2654 226 2685 monita·
235 2656 295 2696 egregia
309 2663 367 2685 strator
379 2666 393 2696 p.
408 2655 428 2685 13
441 2666 472 2698 sqq,

650 2721 682 2758 qa
