1650 2790
295 51 339 79 ern⁴
356 37 382 77 ll.
399 51 454 79 runs.
472 40 506 79 14.
721 38 761 77 177

45 163 174 219 antiquiores,
184 174 308 217 [puarrnprarn
318 175 345 200 vs,
358 162 383 201 12
392 162 519 211 sententiam,
527 175 580 217 [puae
589 161 637 202 olim
646 160 761 203 eommunis

44 241 89 291 luit,
103 244 224 294 sequuntur.
241 236 282 278 Sed
294 235 345 292 quid
357 236 431 292 plura?
445 237 551 294 Loquendi
559 253 606 280 usus
618 238 676 280 nobis
692 251 761 279 verant

44 312 243 369 interpretationem,
265 310 304 353 nisi
317 311 386 363 fallor,
402 312 510 368 perspicue
524 313 618 372 ostendit
647 314 693 359 Vox
705 311 762 353 enim

45 385 154 447 poposoopo'g
172 395 191 429 et
207 387 276 429 affines
290 387 379 443 γογγύζω
393 395 413 429 et
424 384 533 443 yopyvora'g
546 388 568 429 in
583 387 761 431 Hellenistaram

45 465 111 514 libris,
128 463 247 519 ubicunque
262 462 313 504 nihil
325 462 381 504 aliud
396 462 434 504 sibi
441 462 562 504 adiunctum
573 460 659 514 hahent,
671 464 696 506 ad
705 463 761 520 quod

45 541 118 582 diserte
132 539 255 590 referantur,
274 539 467 580 mirramrationem
481 535 514 577 rel
530 536 698 595 dispritatz'onem
713 539 760 580 ati-

45 628 120 657 oersas
138 613 207 656 Betim
228 612 353 670 significant,
378 619 401 652 ut
424 610 499 653 Exeat.
520 611 580 656 XVI:
601 614 621 664 7,
644 617 669 665 8,
686 618 710 666 9,
727 617 761 657 12,

45 691 130 734 Psaira.
144 689 187 733 CV:
203 691 238 731 25.
255 688 299 729 tes,
312 685 400 741 XXIX:
416 688 452 728 24.
467 686 542 731 LVIII:
560 690 580 730 9.
597 691 608 729 1
621 688 671 732 Cor.
685 690 717 731 X:
729 692 762 733 10.

46 767 97 809 Izrd.
112 768 146 808 16.
176 765 245 805 Altera
258 769 327 804 autem
342 759 480 816 ὃιαλογισμός,
495 776 557 818 quam
573 764 624 805 Nori
640 765 764 806 Testamenti

48 842 153 895 scriptores
166 839 310 893 frequentant,
323 835 339 876 si
354 836 446 877 redditur
462 839 614 889 ratiocinatio,
629 839 652 880 in
671 839 763 882 medium

47 915 130 956 atlertur
148 912 203 969 quod
219 912 314 954 omnihus
330 911 380 953 locis
395 912 509 967 appositum
522 920 562 964 est,
578 914 640 956 etiam
655 914 707 958 Lao.
721 915 763 956 IX:

48 994 87 1040 46,
102 989 139 1030 ulti
152 989 170 1030 ei
183 995 261 1029 temere
275 986 381 1037 notionem
397 987 460 1028 trihui
472 993 558 1030 ratataae
573 990 681 1031 tornatum
690 991 764 1033 disee-

43 1065 163 1125 ptatioais,
183 1071 226 1105 tam
248 1063 351 1105 evidenter
370 1062 445 1105 docent
459 1063 536 1106 adiecta
550 1068 586 1121 τῆς
600 1067 682 1123 καρδίας
697 1067 765 1110 αὑτων

48 1158 75 1183 vs.
90 1142 124 1190 47,
138 1147 161 1180 ut
175 1139 237 1181 rerba
251 1138 324 1181 Marc.
339 1138 380 1179 IX:
397 1142 436 1190 33,
452 1142 481 1181 34
498 1139 549 1181 nihil
565 1141 636 1183 iuvent
653 1141 678 1183 ad
690 1141 764 1197 dispu-

48 1216 132 1258 tandum
148 1222 219 1257 contra
233 1212 271 1272 (1)
302 1215 329 1256 Ut
341 1229 389 1256 vero
403 1214 481 1271 ubique
496 1229 520 1256 ex
535 1215 630 1257 orationis
643 1217 694 1259 serie
707 1217 765 1259 colli-

49 1290 139 1348 gendum
153 1297 192 1340 est,
207 1289 272 1344 qualis
285 1289 412 1330 ratiocinatio
426 1289 462 1339 sit,
477 1289 577 1335 vocabulo
592 1290 765 1347 diotoycopo'ede-

48 1374 125 1417 notata3
141 1367 169 1407 sic
186 1364 226 1408 hoc
241 1366 286 1408 loco
301 1365 433 1408 circumiecta
448 1365 532 1416 docent,
547 1366 659 1422 significari
671 1370 765 1411 ratioci-

48 1444 146 1484 nationes
166 1440 193 1482 cle
215 1440 392 1495 inaestimata,
409 1441 528 1497 etquidem
546 1443 675 1499 exsequenda
688 1445 724 1485 illa
739 1460 766 1495 an

49 1533 90 1559 non
105 1515 233 1573 exsequenda
245 1515 291 1558 sint.
321 1516 365 1557 Iam
380 1530 456 1557 rannus
470 1516 649 1574 Philippensibus
662 1521 764 1576 praeseri—

49 1594 109 1642 hcns,
125 1599 148 1633 ut
161 1592 188 1634 ab
201 1590 232 1633 his
248 1590 437 1634 ratiocinationibus
451 1590 489 1633 sihi
501 1600 596 1643 careant,
614 1594 678 1636 levius
692 1611 765 1652 pecea-

49 1676 94 1710 tum
108 1667 214 1710 commode
228 1668 310 1710 subiicit
324 1667 422 1724 graviori,
438 1667 494 1724 quod
509 1669 651 1721 committunt,
668 1674 708 1729 qai
720 1674 766 1714 ias-

50 1747 81 1785 sz's
102 1744 150 1783 illis
171 1742 329 1785 arzarmaraado
350 1743 483 1783 renituntur.
515 1744 569 1800 Ergo
586 1744 657 1797 simili,
676 1762 688 1790 a
705 1748 766 1789 servis

49 1818 158 1868 translato,
176 1822 209 1859 eos
225 1825 305 1859 monet:
328 1821 411 1870 omitia,
436 1818 638 1879 praeeperficieada
653 1829 716 1873 erint,
732 1826 765 1865 ita

43 1895 127 1950 facite,
143 1898 167 1933 at
182 1892 208 1934 de
222 1895 302 1946 iussis,
319 1907 374 1950 qaae
387 1894 445 1934 vobis
460 1894 573 1936 Divinitas
587 1898 691 1955 imposita
706 1905 764 1954 stitit,

50 1985 87 2012 trec
101 1970 254 2020 triarazaretis,
276 1983 315 2010 aee
333 1969 502 2023 ratiocinamini.
533 1970 633 2014 lllonitum
647 1981 716 2016 autem
736 1975 766 2016 it-

51 2045 99 2094 lud,
120 2044 222 2101 quomodo
242 2044 320 2087 auctori
340 2044 362 2085 in
377 2052 469 2086 mentem
485 2046 574 2097 venerit,
591 2056 698 2105 postquam
714 2051 766 2093 scri-

50 2121 129 2175 psisset:
146 2120 205 2175 Vos,
217 2120 262 2163 tao
277 2125 344 2162 ozena
359 2122 380 2161 ci
396 2121 563 2179 religiosissime
580 2124 655 2166 devota
671 2125 766 2167 obedien-

51 2200 94 2247 tes,
115 2202 210 2238 vestram
224 2198 271 2254 ipsi
283 2197 405 2237 beatitatem
416 2195 527 2253 perficite,
542 2198 630 2255 quisque
648 2216 683 2244 sua
698 2215 764 2256 spon-

50 2276 70 2310 te
84 2271 166 2315 nitebit.

55 2589 213 2596 ..Ρ-.-

76 2650 100 2695 ll)
113 2652 163 2683 litem
175 2652 206 2684 iam
219 2650 281 2686 diremit
294 2664 367 2688 sentinas.
379 2667 395 2699 p.
408 2657 447 2687 254.
