1650 2790
88 51 129 89 300
314 62 357 89 eur,
373 48 407 92 IV.
424 62 480 90 unns.
499 28 531 97 il,
551 51 584 91 12.

86 188 132 214 sum
152 187 193 213 csse
213 178 282 212 munet
301 168 390 229 χρήμασι
411 173 442 213 vel
461 169 557 229 κτήμασι,
570 171 655 226 Ellipsin
669 173 740 229 fingit,
757 173 791 214 ubi

87 247 148 289 cratia
161 247 221 301 plena
239 254 278 296 est,
292 254 315 287 ut
330 247 346 287 si
359 247 381 287 in
393 262 486 309 seimane
498 248 607 289 vernaculo
621 261 669 288 cum
680 248 793 302 Interprete

86 330 154 363 nostre
167 321 283 363 scribimus:
300 324 323 362 ιἰι
335 323 423 380 detgeue
437 323 460 364 it·
470 325 514 366 beu.
544 324 592 367 Vim
604 323 730 365 Prcncminis
741 321 780 379 ἐγώ
787 357 793 374 ,

85 412 161 454 quase
177 406 253 439 rannus
268 397 293 438 ab
306 398 349 439 aliis
362 397 479 455 distinguit,
494 414 606 442 annuamus
621 414 674 440 unus
690 399 711 439 in
724 399 793 454 paucis

86 481 125 522 cst,
146 472 182 528 qui
199 472 389 515 animarberterunt.
420 474 467 515 Eius
483 490 531 516 vero
547 474 656 517 observatio
672 489 795 531 magnopere

86 549 163 589 canfen
178 548 204 590 ad
217 549 356 604 quaestionem
369 549 513 601 dirimendam,
528 550 630 606 quomodo
643 551 735 594 Verbum
746 549 795 603 ἔρια

85 629 124 666 θον
138 624 203 679 accipi
223 624 300 666 debeat.
331 624 492 668 Cunrscsrcuus
506 640 580 681 nempe
594 625 693 667 scribens:
709 624 748 683 ἄρα
765 627 795 666 δι-

85 701 194 750 δασκαλίας
206 702 248 743 ἐστὶ
261 718 283 743 το
297 704 392 758 πρᾶγμα,
406 702 439 744 καὶ
450 702 571 757 γυμνασίας,
585 702 618 744 καὶ
631 701 712 758 μελέτης
717 735 724 754 ,
741 703 794 757 Ape—

84 776 158 817 stulum
181 775 283 817 dicentem
305 776 364 827 facit,
389 792 409 818 se
431 775 523 817 didicisse
540 778 683 834 experientia.
722 777 795 819 Contra

86 867 183 894 nummus
200 852 218 892 ci
230 850 284 893 hanc
296 859 386 893 mentem
400 851 482 893 tribuit:
499 851 522 893 Α
536 865 625 893 cnarsrc
636 853 706 893 οαιιιιά
718 866 795 908 aequa-

85 929 176 968 nimiter
191 928 254 981 ferre
267 942 314 968 sum
327 928 419 969 edoctus.
450 929 577 983 Utrumque,
592 926 647 968 haud
660 927 721 982 pauci
736 935 794 977 sunt,

85 1003 121 1058 qni
141 1008 257 1057 sequantur.
288 1002 328 1042 Alii
341 1001 425 1043 haerent
439 1016 486 1043 cum
503 1017 572 1052 usuro,
590 1001 640 1043 haec
659 1018 685 1044 an
702 1003 737 1043 ilia
752 1018 795 1044 sen-

86 1077 147 1118 tentia
164 1075 221 1118 alteri
236 1076 369 1130 praeferenda
386 1076 421 1125 sit,
438 1076 470 1116 rel
487 1090 519 1117 eas
535 1076 633 1131 coniungi
648 1076 726 1119 iubent.
757 1078 796 1119 Sed

85 1166 133 1193 curn
148 1166 224 1192 prunus
239 1151 362 1192 Prcncmine
377 1146 417 1207 apt
430 1151 540 1193 caelestius
553 1156 701 1192 ercammarus
713 1159 795 1207 spectet,

85 1241 139 1284 ριιαα
158 1229 229 1284 ι’μοαια
243 1227 309 1267 mrdto
322 1229 394 1284 nangis
409 1242 474 1284 quum
490 1226 547 1267 alios
563 1228 714 1277 exercuerint,
733 1226 796 1269 dubi-

85 1301 170 1342 tandum
190 1316 232 1342 non
250 1300 342 1352 ridetur,
364 1302 415 1357 quin
429 1302 521 1346 Verbum
537 1297 615 1352 ἔμαθον
629 1302 750 1344 doctrinam
768 1304 796 1344 si-

86 1376 168 1433 gnificet
181 1376 306 1433 quotidiano
320 1379 371 1418 uszn'
385 1377 485 1419 debitam.
521 1375 635 1433 thr'dput'd
647 1378 702 1428 αἰαῖ,
717 1378 796 1433 inquit,

85 1447 182 1493 seruiunt
192 1457 235 1493 ’σαί
251 1454 353 1509 οαμίααί,
375 1467 407 1493 rue
423 1453 534 1494 rrzclestiae
553 1458 574 1493 et
587 1467 705 1494 aer-amnne
721 1454 796 1495 docue-

85 1533 138 1568 ruut
159 1535 198 1569 cet.
228 1528 358 1571 Vocabulum
380 1523 490 1582 αὐτάρκης,
513 1527 569 1583 quod
592 1528 653 1568 semel
673 1536 752 1569 tantum
776 1530 797 1570 in

85 1604 141 1646 Novo
155 1605 282 1645 Testamenta
296 1609 366 1652 exstat,
380 1602 433 1643 benc
446 1602 611 1657 interpretantur,
624 1603 659 1658 qui
668 1603 729 1644 rerba
740 1607 762 1646 ἐν
770 1600 799 1653 οἷς

86 1682 136 1733 εἰμι,
151 1676 249 1735 αὐτάρκης
263 1676 311 1720 εἶναι
324 1677 379 1718 idem
389 1677 455 1718 valere
468 1684 552 1718 monent
565 1684 626 1732 atque
634 1675 750 1734 ἀρκούμενοι
758 1683 799 1728 τοῖς

86 1757 171 1811 παροῦσι
192 1753 259 1795 Hcdr.
280 1753 339 1794 XIII:
362 1756 382 1794 5.
412 1751 506 1794 Ceterum
528 1751 615 1792 conferri
635 1759 726 1793 meretur
743 1752 798 1808 quod

86 1844 187 1871 susurrus
203 1835 295 1885 rogatus,
312 1828 356 1884 quis
375 1834 426 1868 esset
439 1826 558 1877 ditissimus,
579 1826 693 1882 respondit:
713 1828 737 1869 Ὀ
751 1830 798 1871 ἕλα-

87 1905 161 1959 χίοιως
176 1900 298 1959 ἀρκούμενος.
324 1899 438 1958 Αὐτάρκεια
451 1901 488 1958 γαρ
502 1899 581 1958 φύσεώς
594 1903 635 1945 ἐστι
648 1905 733 1952 πλοῦτος
748 1901 785 1960 (1).

388 2100 443 2126 vnns.
460 2087 494 2126 12.

118 2205 158 2245 Per
171 2204 251 2260 singula
266 2218 342 2245 nunnus
354 2203 494 2259 persequitur,
515 2202 570 2259 quod
589 2201 700 2258 generatim
716 2215 736 2242 sc
749 2201 799 2243 didi-

90 2281 139 2321 cisse
159 2279 259 2335 professus
283 2286 322 2329 est,
346 2286 365 2321 et
386 2280 476 2334 prinrum
496 2277 580 2333 quidem
595 2276 672 2317 verbis:
694 2274 746 2319 crta
767 2278 800 2319 καὶ

89 2357 242 2405 ταπεινοῦσθαι,
256 2351 302 2395 οἶδα
316 2355 348 2395 καὶ
363 2351 486 2411 περισσεύειν.
514 2354 566 2395 Nam
578 2352 679 2393 Particula
694 2352 723 2403 δέ,
738 2367 798 2408 quarn

90 2430 156 2471 Editio
176 2428 237 2471 babet
255 2430 355 2484 Recepta,
371 2428 424 2471 clam
443 2428 526 2486 quidem
540 2443 552 2469 a
566 2441 616 2468 snm
629 2426 684 2470 illata
700 2442 741 2468 non
759 2434 800 2475 est,

90 2513 113 2547 ut
133 2505 230 2560 invidiose
249 2505 361 2559 suspicatur
376 2520 513 2555 unrunnnus,
529 2502 563 2544 sed
577 2503 671 2546 Librariis
684 2510 754 2545 tamen
767 2501 800 2542 de-

115 2666 137 2708 p)
150 2668 193 2697 οισι.
206 2666 237 2696 ru.
250 2666 268 2696 v.
281 2665 289 2707 ρ
301 2666 329 2695 aa.
