1650 2790
264 59 308 88 cir.
324 47 349 88 ll.
366 60 422 89 vrrs.
437 48 461 97 4,
479 50 498 89 5.
520 30 522 34 v
702 48 740 90 137

31 174 64 216 καὶ
77 175 117 220 τοῖς
131 168 203 225 ἔργοις,
216 168 265 225 πρὸς
278 169 314 225 τήν
328 169 378 226 ὑπὲρ
391 169 450 225 ἡμῶν
462 169 588 225 συμμαχίαν,
602 167 624 209 id
637 174 676 209 est:
698 168 743 211 Ce-

32 255 88 289 teros
107 244 201 287 Graecos
214 245 280 285 νννιίίο
288 246 363 303 araugis
376 243 470 302 egelido⁷
485 259 547 301 poam
562 242 652 285 cb'eeoclo
665 241 697 283 ad
708 258 743 284 so-

31 324 128 365 cietatem
148 321 200 362 belli
215 335 260 377 pro
279 322 339 362 uobis
359 320 475 361 mmmmm
492 321 615 361 exhortari.
647 318 743 378 Getepum

30 411 134 439 sorrrrzrus
148 403 167 437 et
180 410 314 437 narrnrrsrus
327 396 379 438 bene
394 397 508 437 refutarunt
519 396 651 449 interpretes,
663 394 699 450 qui
707 402 743 437 aut

30 470 121 513 hemines
133 470 254 513 Christianos
267 486 290 512 ex
304 472 397 530 gentibus
411 470 483 511 exteris
497 478 562 520 ortos,
579 477 613 510 aut
625 468 708 511 Iudaeos
717 469 744 512 ad

30 545 130 588 Christum
151 560 266 596 conversos,
280 555 314 587 aut
331 545 429 602 quosdam
448 543 584 585 multitudinis
602 543 693 585 doctores
708 544 742 586 hic

30 621 95 661 notari
115 620 270 662 contenderunt.
301 622 367 661 lmmo
388 619 487 675 generalis
501 618 551 661 haec
572 627 601 660 est
619 618 742 668 admonitio,

31 694 123 766 omnibup
136 703 182 750 apta
196 703 216 735 et
231 694 389 736 accommodata.

338 844 394 871 arnas.
413 834 433 872 5.

56 919 191 975 Reprehensis
207 918 297 970 duobus,
316 921 401 976 quaein
414 928 546 976 praeceptum
562 921 586 965 cd
594 922 616 965 ἓν
628 925 744 979 φρονοῦντες

28 997 148 1045 incurrunt,
163 995 215 1036 vitiis
232 1003 251 1036 et
268 996 386 1047 virtutibus,
402 1010 454 1052 quae
468 998 551 1053 utrique
568 997 671 1053 oppositae
685 1004 743 1046 sunt,

29 1070 119 1121 laudatis,
132 1086 208 1111 alannus
219 1070 296 1112 animos
308 1070 334 1112 ad
343 1071 522 1126 contemplandum
535 1086 619 1113 onarsrr
627 1071 744 1126 exemplum

29 1146 138 1197 convertit,
158 1145 224 1202 quod,
245 1160 293 1187 cnm
320 1154 453 1202 praeceptum
465 1146 517 1188 illud
531 1147 635 1188 observare
647 1146 743 1195 iubebat,

27 1219 103 1261 iamin
118 1228 187 1262 mente
204 1220 281 1262 habuit
312 1221 397 1276 Scripsit
414 1221 477 1278 igitur
498 1221 612 1263 secundum
628 1220 744 1262 Editionem

28 1302 140 1349 receptam:
172 1299 238 1338 Τοῦτο
258 1294 295 1352 peip
314 1298 427 1353 φρονείσθω
443 1298 466 1338 ἒν
483 1294 557 1350 ὑμῖνὸ
575 1298 608 1338 καὶ
627 1298 649 1339 ἓν
662 1297 745 1355 Χριστῷ

27 1369 94 1424 Ἰησοῦ.
121 1370 205 1411 Dictum
225 1371 316 1425 prolecto
337 1370 491 1427 dignissimum,
512 1370 567 1426 quod
579 1371 696 1425 pectoribus
708 1386 745 1426 pe-

28 1444 81 1502 nitus
95 1444 221 1494 inculcetur,
237 1458 305 1499 neque
318 1460 414 1500 operosae
424 1442 460 1485 ’νο1
478 1444 551 1486 dubiae
565 1444 744 1500 interpretationis.

28 1518 119 1560 Primum
131 1519 192 1570 enim,
208 1518 263 1575 quod
277 1534 384 1570 sacramus,
398 1534 493 1569 ruamus,
506 1535 598 1561 varnnus
611 1519 744 1569 contendunt,

31 1595 200 1649 Praepositionem
213 1597 234 1637 ἐν
247 1609 285 1650 pro
295 1592 336 1638 ὑπό
349 1584 446 1650 scriptam
456 1609 504 1644 esse,
518 1594 612 1636 licentiae
626 1594 675 1635 olim
687 1609 745 1636 usur-

28 1677 85 1725 patae
105 1678 245 1712 commentum
267 1677 308 1722 est,
330 1669 385 1727 quod
408 1669 469 1711 hodie
489 1670 594 1711 neminem
609 1670 669 1711 facile
685 1671 746 1725 paulo

28 1744 208 1801 intelligentiorem
227 1745 347 1787 morabitur.
378 1746 445 1786 Immo
459 1745 480 1786 in
495 1753 584 1802 utroque
599 1745 645 1786 loeo
658 1745 746 1802 vulgaris

29 1819 149 1876 significatio
162 1821 216 1879 eoois
233 1820 357 1863 observanda
370 1828 410 1872 est,
424 1828 447 1862 ut
459 1820 521 1863 verba
536 1824 557 1864 ἐν
568 1821 617 1874 ν’μῖν
631 1828 651 1861 et
663 1823 685 1863 ἐν
694 1825 747 1878 Χρι-

29 1899 70 1955 στῷ
81 1896 147 1952 Ἰησοῦ
161 1895 290 1951 explicentur
303 1898 327 1936 in
342 1898 422 1937 aaronis
436 1898 517 1937 vestris
530 1903 550 1937 et
564 1897 587 1936 ziz
601 1897 673 1937 auimo
686 1910 746 1937 enar-

29 1985 60 2011 sar
73 1986 125 2014 ruso.
156 1972 241 2012 Temere
256 1977 335 2021 antoni,
351 1970 377 2012 ad
394 1984 485 2011 errorem
506 1970 668 2021 defendendum,
691 1971 746 2013 exci-

31 2054 97 2088 tantur
118 2050 128 2088 1
148 2047 198 2090 Cor.
211 2046 265 2089 VH:.
279 2048 313 2088 22.
337 2046 387 2087 XH:
403 2048 426 2087 9:
442 2045 486 2086 illie
499 2046 555 2087 euim
567 2046 628 2087 rerba
642 2046 664 2087 ἒν
675 2046 747 2105 Κυρίῳ

30 2122 149 2176 exponenda
162 2129 208 2163 sunt
223 2123 246 2162 z'n
263 2123 408 2163 compatratione
421 2119 520 2170 Domini,
534 2128 557 2162 ut
568 2128 651 2177 apparet
663 2126 689 2162 er
695 2121 747 2165 Ver-

30 2210 53 2237 su
63 2199 101 2249 243
118 2196 152 2238 hle
166 2211 214 2238 vero
228 2197 317 2239 formula
331 2199 352 2240 ἐν
365 2199 394 2256 τῷ
406 2195 462 2255 αὐτῷ
474 2193 579 2255 Πνεύμοτι
591 2196 683 2241 similiter
699 2195 748 2237 dicit

30 2274 53 2311 iu
70 2275 213 2314 continuatione
228 2272 322 2315 eiusdem
338 2270 453 2330 Spiritus,
470 2277 493 2311 ut
510 2286 533 2312 ea
551 2286 562 2312 a
579 2270 747 2326 praecedentibus

31 2347 65 2388 (1ιὰ
76 2353 113 2390 τοῦ
119 2347 238 2402 Πνεύμιιτος
252 2355 272 2389 et
285 2347 336 2392 autel
345 2347 369 2391 cd
380 2346 431 2390 oded
437 2349 532 2399 Πνεῦμα,
547 2352 566 2386 et
574 2344 629 2387 hand
637 2345 680 2386 sine
688 2359 747 2387 eausa

31 2421 125 2477 quidem,
142 2423 285 2480 distinguatur.
317 2422 396 2465 Deinde
409 2420 515 2477 posteriori
529 2420 641 2461 sententiae
654 2420 748 2462 membro

31 2512 55 2538 ex
70 2497 132 2554 priori
148 2498 256 2555 cogitando
271 2497 331 2541 adiiei
349 2497 409 2539 dehet
423 2493 540 2555 ἐφρονήθη,
559 2494 625 2551 quod,
644 2509 682 2536 cur
694 2510 748 2538 mir-

31 2588 123 2615 rrnnsrus
144 2572 228 2624 dixerit,
249 2588 339 2616 cunrsro
352 2574 420 2615 minus
436 2572 544 2613 convenire
558 2585 620 2627 quam
634 2566 672 2627 ἦν,
687 2573 748 2629 eqni-

32 2647 79 2690 dem
94 2664 135 2691 non
149 2647 253 2705 intelligo,
264 2649 303 2691 nisi
318 2665 366 2692 cum
381 2665 400 2692 c.
409 2663 499 2692 rorsrro
513 2648 605 2705 opinatus
613 2646 646 2698 sit,
655 2648 747 2692 Verbum
775 2705 777 2707 Ι
