1650 2790
101 24 125 63 tn
384 37 510 73 *rrrnorrrs

99 148 199 201 imputant
215 147 291 194 studio,
308 159 349 201 quo
363 146 486 190 ludaeorum
498 148 630 204 gentiumque
638 155 751 189 exterarum
759 162 809 201 prn-

97 237 161 279 pago,
184 221 233 263 duas
250 224 272 263 in
290 221 385 262 factiones
407 221 479 273 divisa,
501 238 522 264 se
537 223 584 264 duci
599 235 655 276 passa
669 222 705 272 sit,
728 221 809 262 nullum

98 295 173 338 hahent
192 302 335 352 argumentum
354 295 459 351 probabile
475 297 501 339 ad
525 312 605 340 causam
624 310 681 338 suam
696 295 809 337 defenden-

99 371 150 413 dam.
181 371 249 428 Atque
263 371 291 413 sic
307 370 364 412 nohis
376 370 401 412 ad
416 371 500 413 alteram
516 388 608 429 queque,
625 386 686 429 quain
700 371 810 426 preposui-

98 462 153 497 mm,
178 448 328 502 quaestionem,
349 447 427 489 vitiisne
444 447 567 505 gravioribus
584 448 758 505 Philippensium
775 461 809 487 s0-

98 523 159 564 cietas
173 523 319 573 contaminata,
335 537 361 564 an
375 522 453 565 illibata
466 523 537 574 inerit,
552 523 598 564 satis
614 522 742 577 respondisse
752 520 809 562 ride-

98 612 151 640 mur.
181 598 252 654 Neque
271 598 293 638 in
312 598 370 639 tertia
387 597 423 639 diu
438 600 513 640 merari
531 613 612 640 neeesse
632 605 667 639 est.
698 598 739 651 Qui
755 597 810 638 enim

98 672 190 715 hemines
202 673 246 714 illos
262 672 332 727 opibus
345 672 444 715 affluxisse
457 672 538 723 dicunt,
554 673 645 723 maioris,
659 686 765 728 quampar
774 680 808 721 est,

99 755 119 789 et
140 748 193 790 dena
214 762 285 790 eernrn
308 749 423 798 aestimant,
445 755 464 789 et
484 748 559 789 lautam
576 762 651 788 nrnmn
670 747 809 802 aliorumque,

99 837 148 878 quos
165 838 227 865 uncas
240 825 370 874 memorarit,
387 822 523 870 conditionem
537 819 575 879 (1).
599 822 673 864 Contra
684 822 720 877 qui
732 835 765 862 eos
775 837 810 862 re-

98 913 145 940 rum
159 907 240 956 egentes
253 907 273 942 et
286 914 385 954 pauperes
396 898 456 939 fuisse
469 895 605 947 contendunt⁷
614 896 727 939 abutuntur
738 899 810 954 impri-

98 973 135 1014 nu's
151 973 265 1015 testimonio
281 988 341 1014 sauir
359 976 372 1015 2
388 972 438 1016 Cer.
453 972 512 1015 Vlll:
528 975 541 1014 2
556 986 599 1028 sqq.
616 972 670 1028 quod
683 988 731 1015 curu
747 989 810 1030 gene-

97 1048 157 1088 ratim
171 1055 248 1102 spectet
261 1047 404 1097 Macedones,
421 1061 495 1103 eosque
508 1061 556 1089 cunr
571 1046 693 1090 Corinthiis
705 1049 810 1091 fortunatis

98 1130 234 1178 comparatos,
254 1124 393 1178 exceptionem
415 1121 470 1164 haud
491 1122 552 1165 dubie
569 1124 644 1177 patitur
661 1121 699 1181 (2)
730 1124 809 1175 Cetera,

98 1212 150 1253 iprae
170 1198 277 1253 utriusque
300 1198 361 1252 partis
377 1198 464 1239 fautores
480 1212 503 1238 ex
518 1197 610 1239 linceius
625 1198 713 1253 Epistola
727 1207 809 1254 petunt,

97 1279 217 1330 argumenta
232 1271 262 1331 (3)
276 1273 442 1328 interpretatione
454 1272 563 1314 verbmum
577 1273 670 1315 nituntur
682 1274 749 1315 minus
761 1289 810 1329 pro-

96 1348 169 1390 lrauila.
199 1348 273 1403 Utique
286 1348 302 1388 si
314 1348 336 1389 in
348 1349 393 1397 lite,
410 1362 463 1403 quae
476 1362 556 1403 semper
576 1348 613 1389 sub
628 1347 695 1391 iudice
709 1349 809 1399 manebit,

96 1422 186 1464 medium
202 1430 270 1464 tenere
286 1430 383 1477 praestat,
401 1424 451 1465 ratio
468 1423 496 1464 sie
512 1423 652 1465 concludenda
668 1432 707 1475 est,
717 1424 810 1482 Paiop-

91 1513 181 1555 penses,
199 1507 323 1553 quamquam
338 1498 430 1553 plerique
444 1498 511 1539 minus
524 1506 589 1540 essent
600 1499 701 1554 opulenti,
717 1499 810 1541 habuisse

96 1581 170 1623 tamen,
187 1587 228 1627 quo
244 1574 327 1629 egestati
343 1573 584 1615 alinrunisuceurrereut.

125 1648 217 1704 Imagiue
241 1655 363 1690 sectatorum
385 1662 467 1690 cnnrsrr
483 1647 658 1706 Philippensium
677 1649 808 1702 adumbrata,

96 1725 157 1779 ipsius
172 1739 231 1765 resurr
246 1724 345 1780 Epistolac
359 1733 490 1780 conspectum
505 1739 587 1780 quoque
601 1725 732 1780 praebeamus
747 1741 808 1781 oper-

96 1806 130 1841 tet.
160 1800 268 1855 Apostolus
282 1800 355 1856 igitur‚
372 1801 435 1842 salute
443 1799 623 1858 Philippensibus
635 1800 699 1851 elicta,
712 1802 753 1843 iani
760 1802 808 1844 inde

97 1875 222 1930 aprincipio
244 1876 335 1917 arrimum
356 1876 441 1931 explicat
464 1876 485 1917 iu
500 1891 533 1917 eos
548 1875 606 1918 valde
621 1891 751 1932 propensum.
782 1879 808 1919 Se

97 1965 170 2006 nempe
192 1949 217 1992 alr
241 1951 277 1992 illo
293 1950 337 2000 die,
360 1952 505 2007 quoprimum
521 1951 633 1993 doctrinam
650 1966 807 1995 1111111111-

96 2026 174 2081 perint‚
190 2025 215 2067 de
230 2025 270 2067 fide
284 2041 355 2067 earum
368 2027 439 2069 laetari
454 2034 474 2067 et
485 2027 508 2068 iu
518 2027 574 2068 enini
585 2042 621 2068 sua
633 2028 749 2083 precatione
757 2042 807 2069 cau-

96 2116 139 2142 sam
154 2116 225 2143 eorum
240 2101 294 2157 apud
309 2102 374 2144 Deum
387 2117 447 2159 agere
461 2101 556 2144 declarat.
573 2116 616 2157 cap.
632 2102 652 2143 I:
670 2104 716 2144 3-6.
747 2101 808 2154 Quod

96 2192 122 2218 ne
138 2178 182 2232 quis
198 2178 292 2227 miretur,
307 2192 328 2218 se
343 2193 375 2219 eos
389 2192 467 2233 semper
482 2178 503 2218 iu
517 2176 577 2219 corde
589 2178 642 2218 serre
657 2177 725 2219 scribit
740 2184 760 2217 et
773 2177 807 2218 ni-

96 2251 125 2293 hil
141 2252 205 2309 magis
220 2251 344 2303 desiderare,
361 2267 422 2308 quam
438 2260 461 2293 ut
476 2252 539 2294 oculis
554 2266 587 2292 ees
602 2252 710 2294 intuentur.
719 2267 746 2293 rs.
757 2254 776 2301 7,
785 2255 806 2294 8.

96 2328 148 2369 Tum
163 2343 184 2369 se
197 2327 237 2369 hoo
252 2328 275 2369 iis
290 2329 398 2384 praecipue
411 2327 510 2368 Divinitas
525 2333 618 2381 exoptare
631 2334 711 2377 monet,
724 2334 747 2368 ut
761 2341 806 2368 uia-

119 2461 142 2505 (1)
155 2463 255 2494 Itanrnornr.
268 2473 285 2505 p,
296 2462 347 2493 elec.
371 2462 452 2493 Cunnum.
463 2472 480 2503 p.
495 2462 534 2494 420.

119 2522 143 2567 (2)
154 2523 253 2565 llrona'eurs⁷
266 2522 351 2567 Bijooegs,
366 2534 385 2555 en
400 2525 478 2555 Vertater.
498 2529 522 2555 tot
541 2524 560 2555 ile
583 2524 668 2565 irrloiili'ng
683 2529 712 2556 etc.
728 2523 770 2555 Toni.
783 2524 806 2555 II.

96 2586 163 2627 pets.
186 2585 279 2629 Seniaup.
293 2588 321 2617 74.

120 2644 144 2690 (3)
157 2648 193 2688 Cap.
207 2646 223 2678 1:
239 2649 255 2678 7.
272 2648 342 2687 11:2³5,
356 2649 428 2680 30.1V:
445 2650 464 2687 6,
480 2649 505 2690 10,
518 2649 545 2678 19.
