1650 2790
80 46 120 85 too
331 54 374 79 ear.
390 37 415 80 ll.
432 53 488 80 voirs.
503 40 538 80 20.

77 169 187 208 retribuatur
208 163 239 220 (ut
259 176 303 203 eom
314 174 446 203 'firmaturus
460 160 490 220 (1)
507 159 608 216 exponit),
620 160 694 205 ‘Verbo
708 159 793 213 εὐψυχῶ

79 238 191 296 respondet.
222 236 281 279 Unde
294 237 385 292 sequitur
401 251 494 293 quoque,
510 252 521 279 a
535 251 583 278 reio
599 235 701 277 aberrasse
717 250 792 276 arrum-

78 330 178 365 rriurroar,
193 327 240 356 eum
252 320 364 368 utrumque
378 312 519 368 eonimrgeret.
542 310 622 354 Οὐδένα
635 319 704 354 autem
717 325 792 353 seeun-

77 393 127 434 dum
141 391 261 447 popularem
276 387 375 445 loquendi
388 402 467 429 morem
478 386 602 446 tantundem
615 387 678 437 valet,
692 393 792 443 quantum

77 464 149 508 οὐδένα
165 462 234 508 trtov:
257 463 312 521 quod
332 472 401 505 tamen
421 470 444 505 ut
459 464 551 518 exemplo
565 463 704 512 confirmaret,
724 463 792 504 minus

77 548 132 582 reete
146 539 264 596 provocarit
277 553 378 582 sroaurus
391 539 417 581 ad
430 537 508 581 Ioortrz.
519 540 579 580 XIII:
590 541 629 589 28,
645 538 681 579 uhi
693 553 719 580 ne
731 552 793 578 roarr-

77 631 113 658 rtas
128 615 222 672 quidem,
238 615 287 673 quid
301 629 356 657 rusus
369 613 407 656 sibi
424 615 495 663 vellet,
512 614 591 656 seirisse
609 613 690 656 dieitur.
721 613 793 669 ltaque

77 692 99 732 in
108 691 172 746 priori
185 690 245 732 liuius
258 704 326 732 rersus
341 697 399 746 parte
412 704 470 731 meris
485 704 546 731 mum
557 696 597 731 est:
613 689 726 732 Neratium
736 690 793 729 enim

77 767 147 809 alima
159 767 196 809 Ite
210 781 288 808 raecum
303 767 380 817 liabeo,
396 769 435 824 poi
449 766 520 807 eodem
535 764 597 807 modo
612 771 676 822 atque
691 779 731 822 ego
741 767 793 805 arza}

77 848 150 884 ortatus
165 844 202 885 stt.
233 842 285 884 Nam
297 841 428 897 Apostolum,
442 850 466 884 ut
478 842 540 898 vulgo
556 848 639 896 censent
651 840 696 884 VV.
704 840 746 882 DD.
758 840 793 882 ad-

77 919 153 960 iutores
173 926 274 974 spectare,
297 933 367 959 seeum
379 919 456 959 Romae
470 925 581 969 versantes,
596 916 659 958 oratio
672 915 732 957 docet
745 930 794 957 eou-

78 1001 132 1036 texta
151 1001 171 1035 et
190 1008 238 1035 usus
261 994 359 1049 loquendi
379 993 493 1035 confirmat.
520 994 548 1035 of.
570 999 651 1048 praeter
671 990 719 1032 alios
739 990 795 1031 loeos

77 1069 160 1112 Motllr.
176 1069 263 1113 XXVII:
281 1071 320 1119 16,
334 1069 371 1110 ulii
380 1068 473 1125 Verbum
489 1066 554 1122 εἶχον,
566 1076 650 1123 propter
663 1067 796 1110 eiroruuieeta

76 1141 144 1203 ὄχλῳ,
157 1140 233 1200 ἤθελον
251 1152 271 1185 et
286 1144 364 1197 αὐτῶν,
383 1158 425 1185 uon
438 1142 599 1198 impersonaliter
612 1142 745 1191 sumendum,
760 1141 795 1183 sed

79 1218 223 1274 explicandum
243 1234 285 1261 esse
304 1218 384 1260 ridetur
404 1218 508 1260 habebant
530 1219 574 1259 siti*
592 1218 625 1259 rel
645 1218 707 1275 rrpzrd
720 1232 756 1271 se,
772 1223 796 1258 ut

79 1309 148 1336 sensus
162 1294 258 1336 orationis
271 1294 305 1335 sit:
318 1296 402 1351 aliquis
418 1309 445 1335 ex
456 1294 606 1351 popularibus
614 1308 687 1335 eorum
695 1298 745 1335 erat
754 1308 795 1334 co-

75 1371 160 1427 plr'orrs.
191 1369 349 1425 Progrediamur
362 1369 388 1411 ad
397 1368 512 1426 Apodusin‚
527 1383 589 1426 quam
603 1367 693 1411 reddidit
706 1367 797 1426 Vulga-

80 1452 116 1486 trrs
135 1444 240 1487 Latinos:
263 1446 302 1502 poi
319 1447 407 1487 sincera
426 1443 539 1501 affectione
550 1459 596 1503 pro
610 1446 671 1486 vodis
686 1445 796 1486 sollicitus·

80 1522 123 1571 sit,
142 1519 255 1562 Praesentis
275 1520 381 1562 notionem
398 1521 489 1563 tribueris
509 1521 586 1567 Futuro
599 1517 724 1579 μεριμνήσει,
739 1520 797 1561 euius

81 1595 177 1651 temporis
191 1594 338 1650 proprietatem
359 1602 379 1636 et
396 1594 457 1637 multi
470 1595 505 1637 alii
519 1610 567 1637 eum
579 1610 741 1645 uurrsosrorro‚
759 1610 797 1637 or-

81 1684 176 1713 ouorauro
191 1678 211 1710 et
224 1684 388 1712 rurorrrrraaro
402 1671 507 1713 observare
518 1671 658 1727 neglexerunt.
689 1670 749 1712 Haud
760 1670 797 1712 du-

81 1745 115 1787 bie
127 1759 204 1786 murus
220 1744 246 1786 de
260 1759 369 1787 rrirorrmo
382 1744 492 1800 praedicit,
508 1746 558 1801 quid
571 1746 620 1787 honi
632 1746 667 1788 ille
679 1746 797 1803 Ptz'ltppt's

81 1827 125 1878 post
138 1819 248 1862 adventum
258 1834 318 1862 suum
327 1820 357 1881 sit
370 1820 467 1863 facturus.
499 1820 638 1874 Quamobrem
649 1837 661 1863 a
673 1836 798 1864 ruzrrcorro

82 1903 176 1953 rogatum
192 1896 279 1937 nollem:
296 1895 371 1948 »Quid
384 1910 434 1951 oprrs
449 1904 491 1938 erat
506 1896 605 1939 eiusmodi
616 1897 722 1939 homiuem
736 1912 798 1954 quae-

82 1986 137 2021 rere,
153 1978 234 2012 tautum
249 1970 275 2012 ad
289 1970 446 2026 explorandum,
463 1972 485 2013 iu
499 1987 540 2028 quo
553 1980 606 2014 statu
620 1988 652 2015 res
667 1973 799 2030 Philippen-

81 2048 139 2087 sium
157 2054 232 2087 essent:
254 2045 309 2101 quod
321 2061 358 2102 per
372 2046 439 2088 literas
453 2054 474 2087 et
486 2047 600 2102 simplicem
612 2048 743 2090 tabellarium
754 2048 799 2089 lieri

82 2120 224 2163 sufficiebar?⁷’
255 2121 297 2163 Nee
316 2120 503 2179 Plrilthensz'brrs
523 2130 592 2165 tamen
610 2138 735 2165 rrrrorrrroor
750 2138 799 2179 pro-

82 2196 145 2237 mittit
163 2195 203 2237 hoe
227 2196 311 2237 oonsilio
332 2203 450 2247 venturum,
478 2205 501 2238 ut
524 2197 583 2239 saluti
606 2213 677 2239 earum
698 2198 797 2241 consulat.

82 2272 149 2314 Immo
161 2286 219 2313 mens
231 2286 303 2323 mour,
320 2271 439 2324 uisitator,
454 2280 535 2314 tantum
542 2272 594 2315 haee
606 2280 645 2314 est:
663 2271 717 2328 Qui,
732 2287 799 2331 aeque

81 2353 147 2406 atque
163 2348 210 2398 itte,
227 2353 363 2394 resoestroo
379 2348 512 2406 sinpliciter·
527 2354 548 2389 et
562 2348 620 2389 rtilrr'l
635 2348 678 2390 siat
694 2354 799 2407 appeteris

82 2425 180 2466 curarit:
199 2438 240 2480 qua
256 2423 282 2466 ab
293 2423 463 2480 ,interpretatione
476 2422 531 2466 haud
550 2425 612 2480 louge
627 2423 734 2466 discedunt
746 2439 798 2466 aaa·

83 2514 146 2551 sirus,
163 2514 274 2549 marmus,
290 2514 387 2541 erramus.
417 2501 480 2556 Spem
492 2499 555 2557 igitur
567 2500 615 2541 faeit
623 2500 732 2543 lectoribus
746 2501 797 2547 suis,

107 2656 134 2701 (1)
146 2657 171 2689 De
184 2661 245 2709 Syrou.
258 2658 270 2691 Ι.
283 2672 297 2690 r.
312 2669 327 2699 p.
338 2659 365 2693 67.
