1650 2790
259 71 302 98 (nr.
319 57 344 99 ΙΙ.
362 71 417 99 vens.
436 60 454 107 1,
471 60 495 108 2,
512 61 532 100 3.
712 60 752 99 129

39 197 105 227 carisa
114 195 196 222 cnnisnt
205 181 306 223 standum
315 186 335 222 et
342 181 494 223 decertandum
504 196 557 235 esse,
567 196 645 223 revera
652 182 750 223 observa-

39 273 63 300 re
69 258 170 315 possitis,
183 256 332 298 exhortatione
344 257 401 310 illa,
415 272 470 315 qttae
480 260 590 300 societatis
600 272 647 300 cum
662 271 750 299 cunrsrc

39 337 162 375 contractae
174 334 273 389 propria
283 338 327 384 est,
342 338 363 374 et
371 333 519 391 persuadente
534 334 641 391 alloquio,
658 332 717 390 qnod
724 347 751 373 ea

39 411 132 450 caritate
137 405 295 465 prnfieiseitim,
305 414 326 449 et
334 410 456 451 am'mornm
463 411 607 451 eonimzetione
612 425 655 466 per
662 409 750 451 eandem

39 482 147 541 Spiritum
160 480 268 534 Sanetmn,
283 489 304 524 et
318 482 466 540 affectionibus
478 485 634 526 berzecotentiae
643 499 698 542 erga
708 500 750 537 eas,

38 561 77 616 qui
84 572 122 617 ope
130 558 250 617 iizdigednt,
259 561 432 602 commoveamini
439 559 471 600 ad
476 558 541 610 illud,
550 559 608 616 quod
612 559 750 618 gaudimari-

38 635 63 676 tt
75 651 90 676 a
103 635 160 675 cobis
173 635 250 686 allato,
265 634 336 676 addite
347 633 414 684 deest,
425 634 555 692 explendum
565 634 661 692 atqae'id
668 636 751 676 ommno

38 710 156 768 agendum,
171 716 196 752 nt
208 710 279 752 eodem
292 724 363 751 omnes
375 709 447 751 stadio
458 710 574 764 ducamini,
590 710 663 752 eadem
675 712 748 767 quem—

39 801 79 843 que
92 788 185 828 caritate
197 786 365 847 complectentes,
373 787 405 826 sie
412 783 492 843 affecti,
499 792 523 827 nt
530 786 587 826 cobis
596 785 691 827 omnibns
699 800 753 840 tertiis

39 862 137 918 idemque
150 863 220 903 inesse
234 861 335 902 videatm‘
347 862 443 911 animus,
455 875 519 902 unmn
532 861 641 913 nectentes,
654 861 686 903 ad
697 860 755 918 qnod

40 951 110 978 enrries
125 935 246 995 adspiretis
255 950 300 994 per⁴
312 941 377 977 totam
391 938 465 978 vitam
482 936 526 977 Iam
540 950 587 977 vero
601 943 643 977 tam
652 935 708 992 grati
718 935 753 976 oii-

39 1011 143 1053 testatione
161 1025 236 1052 nautus
252 1025 294 1052 non
308 1026 381 1053 trsurns
397 1011 459 1053 fuisse
471 1011 562 1061 ridetur,
575 1011 614 1052 nisi
627 1010 754 1067 negiigentia

40 1088 126 1129 caritatis
139 1095 224 1128 mutuae
239 1095 300 1143 atque
313 1087 361 1128 inde
375 1094 444 1128 exorta
458 1085 557 1127 discordia
567 1086 681 1143 Philippis
694 1086 753 1126 iatius

40 1170 166 1219 regnassent,
183 1176 246 1218 quam
259 1175 365 1204 scuruzrus
380 1161 456 1218 aliique
472 1161 584 1204 concedere
596 1161 674 1203 nolunt.

349 1313 404 1340 vum.
421 1302 441 1340 3.

67 1391 127 1431 Nunc
142 1404 227 1440 uanius,
243 1390 259 1431 si
272 1388 428 1447 Philippenses
442 1389 467 1431 ad
482 1389 562 1431 scholae
576 1389 704 1445 diligentiam
718 1390 753 1431 do-

23 1519 24 1522 *
39 1472 105 1514 ceret,
119 1464 170 1506 illud
185 1479 268 1506 Guntsnt
282 1464 422 1520 propositurus
438 1464 508 1505 fnisset
522 1465 651 1519 exemplum,
665 1464 720 1520 quod
735 1466 753 1504 ei

38 1547 84 1580 ante
105 1539 174 1581 ocules
192 1539 338 1582 obversaretur.
369 1539 409 1581 Sed
425 1539 525 1581 institutio
539 1539 655 1594 popularis,
673 1538 713 1595 qun
732 1540 752 1580 in

38 1614 130 1669 Epistolis
145 1615 185 1656 suis
198 1630 246 1656 usus
260 1622 298 1666 est,
308 1615 366 1657 aliter
379 1629 399 1655 se
413 1614 474 1656 habet
489 1629 551 1670 qnam
563 1613 688 1670 philosopha.
709 1614 752 1654 Pri-

38 1702 124 1744 usquam
144 1690 208 1746 igitnr
224 1705 246 1731 ee
260 1690 401 1746 progreditur,
418 1689 471 1731 vitiis
487 1689 586 1739 occurrit,
601 1690 690 1745 qnorum
704 1706 753 1733 con-

37 1764 119 1819 tagione
134 1773 227 1820 serpente
238 1766 282 1807 fieri
294 1772 393 1821 nequeat,
403 1773 426 1806 ut
438 1764 531 1806 homines
544 1764 570 1805 ad
584 1779 649 1805 unum
656 1765 708 1807 iliad
718 1766 752 1808 ad-

37 1838 124 1893 spirent,
142 1840 199 1881 cnins
213 1840 282 1897 imago
296 1841 318 1882 in
334 1840 375 1882 'sita
388 1854 472 1883 cunrsnr
486 1839 583 1882 cernitur,
614 1841 639 1880 Et
652 1855 700 1882 cnm
712 1841 752 1883 dno

37 1914 123 1955 manime
144 1915 193 1965 sint,
217 1930 269 1973 qnae
286 1916 324 1971 ipsi
343 1916 365 1956 in
379 1924 470 1957 mentem
487 1915 578 1965 veniant,
595 1922 707 1973 utrumque
723 1917 752 1958 sic

36 1988 163 2046 perstringit,
187 1997 210 2030 nt
231 1991 291 2032 simul
312 1990 414 2040 ostendat,
438 1989 488 2045 quid
508 1997 579 2031 contra
591 1990 677 2046 quisque
690 2006 751 2047 agere

37 2062 114 2106 dehent.
144 2065 238 2106 Alterum
253 2066 295 2107 eius
310 2073 443 2122 praeceptum
457 2063 497 2105 hoc
508 2071 548 2106 est:
565 2065 640 2120 Μηδὲν
653 2066 703 2108 nard
712 2067 752 2121 ἐρι-

35 2139 93 2182 θείαν
105 2137 120 2195 ἢ
133 2142 253 2194 terode‘gicm,
265 2141 317 2184 tam
326 2145 353 2200 τῇ
366 2136 538 2196 ταπεινοφροσύνῃ
552 2137 651 2195 ἀλλήλους
665 2137 755 2195 dyada&

34 2228 63 2252 roi
81 2214 214 2270 ὑπερέχοντας
229 2217 312 2260 ἑαυτῶν.
341 2218 380 2257 Pto
396 2231 437 2257 una
451 2212 553 2255 Particula
566 2209 582 2267 ἦ
596 2213 636 2254 duo
652 2213 749 2255 uocabula

34 2288 98 2342 μηδὲν
111 2291 173 2342 κατά,
187 2306 239 2347 quac
256 2292 356 2333 librorum
369 2289 516 2332 nonnullorum
526 2293 620 2327 veterum
636 2286 750 2327 testimonio

35 2364 215 2418 commendantur,
238 2368 359 2409 substituere
377 2378 505 2408 nacmmnno
525 2360 591 2402 nisum
608 2369 636 2402 est
654 2368 673 2401 ct
695 2376 751 2401 nar-

35 2450 123 2478 rumne.
155 2440 195 2482 Sed
212 2443 227 2485 si
243 2443 314 2484 ceteris
328 2442 410 2499 paribus
425 2439 506 2482 breuior
521 2435 603 2490 scriptio
615 2435 673 2476 alteri
687 2451 750 2491 prae-

33 2510 116 2553 ferenda
131 2522 169 2565 est,
185 2514 219 2559 hie
236 2533 283 2561 sane
299 2517 351 2560 nihil
363 2515 485 2559 mutandum
500 2526 542 2555 esse
552 2518 613 2566 puto,
630 2524 679 2551 cunr
690 2512 749 2554 etin·
767 2557 769 2561 ,

36 2592 65 2626 tei*
79 2602 100 2628 se
112 2587 173 2631 codd.
186 2591 240 2636 MSS.
257 2594 375 2636 dissentiant
389 2600 408 2633 et
421 2593 489 2633 Patres
503 2587 577 2631 Graeci
584 2593 680 2627 tueantur
695 2588 750 2643 quod

33 2659 99 2706 Editio
117 2663 179 2706 hahet
194 2677 282 2724 recepta.
314 2671 358 2712 Hoc
376 2676 454 2716 antem,
471 2666 509 2708 nisi
524 2662 593 2713 fallor,
615 2663 749 2704 mutationem

643 2741 655 2780 9
