1650 2790
73 64 113 103 172
294 76 337 103 tarr.
354 61 379 102 ll.
397 76 452 102 vans
470 64 503 111 12,
523 63 548 102 13

72 184 186 240 exemplum
206 197 239 224 me
256 198 342 240 usquam
363 184 432 240 legere
451 185 541 226 utemini.
573 184 666 232 Ceterum
686 185 783 229 formulas

72 260 211 304 circumiectas
225 260 276 312 μενῶ
295 257 359 315 φόβου
379 263 412 302 καὶ
432 263 506 316 τρόμου
526 266 545 301 et
562 260 573 302 ὁ
592 262 674 318 ἐνεργῶν
694 263 715 305 ἓν
735 261 784 314 ὑμῖν

72 336 172 394 graviores
187 349 230 376 esse
245 342 304 390 puto,
321 348 383 390 quam
398 343 421 376 ut
435 335 577 386 admonitioni,
593 336 679 378 aliorum
693 351 783 378 eommo-

72 412 97 453 da
109 409 247 466 promovenda
263 425 313 459 esse,
329 423 394 464 aeque
409 411 540 460 conveniant,
552 417 613 467 atque
623 410 785 468 interpretationi

71 487 157 543 wlgari.
188 486 229 528 Sed
243 485 283 528 hoc
296 485 364 527 miuus
376 499 450 542 urgere
463 487 520 537 rolo,
537 501 598 542 quam
607 486 701 529 orationis
711 485 784 527 seriem

72 577 114 605 non
128 562 217 618 intelligi
233 561 306 611 abiis,
323 559 359 616 qui
374 559 422 602 inde
438 568 583 618 argumentum
597 569 668 616 petant
681 562 785 617 interpre-

72 637 153 679 tationis
170 637 223 678 illius
239 635 394 694 oppugnandae.
425 637 490 693 Supra
505 637 559 678 enim
577 637 673 693 probasse
688 635 739 678 mibi
753 636 785 677 ri-

74 712 132 764 deor,
148 727 230 754 pitanen
243 712 269 753 ab
283 710 349 753 officio
363 711 449 754 caritatis
461 721 543 754 mutuae
553 711 714 755 conamendando
727 710 784 753 doin-

74 804 121 844 oeps
143 789 170 830 ita
192 801 321 845 progressum
338 801 388 837 esse,
410 795 433 829 ut
453 797 578 843 postremum
598 787 785 830 remunerationem

27 880 31 882 ·
75 864 210 914 obedientiae,
234 878 296 919 quam
315 877 413 905 onmsrus
432 863 475 905 Deo
494 863 634 920 praestitisset,
655 870 785 921 proponeret.

75 942 119 983 Iam
135 954 182 980 sero
204 939 355 980 conclusionem
377 937 427 978 mibi
447 939 546 993 aptiorem
564 953 625 994 quam
639 937 692 981 banc
708 937 786 994 fingere

74 1029 161 1070 nequeo,
175 1013 267 1054 similiter
279 1027 289 1053 a
304 1011 484 1069 Philippensibus
492 1014 534 1054 Deo
546 1013 682 1055 obediendum
697 1028 749 1063 esse,
764 1021 787 1055 ut

74 1088 242 1133 remunerationis
259 1087 280 1128 in
290 1098 401 1129 'nnnrsruu
417 1087 500 1130 collatae
513 1087 562 1129 fiant
574 1088 687 1144 participes.
717 1084 787 1131 Altera

73 1166 136 1224 igitur
151 1165 195 1217 eius
205 1171 273 1219 parte,
289 1171 313 1205 ut
328 1162 425 1214 vidimus,
440 1163 559 1218 praemissa,
576 1163 663 1206 alterum
678 1164 706 1207 sie
721 1178 785 1206 enun-

75 1243 114 1284 ciat
128 1248 208 1282 auctor:
223 1245 318 1281 restrum
333 1241 381 1296 ipsi
393 1239 514 1281 [tereticam
524 1238 641 1296 perficite„
663 1240 697 1282 Sic
712 1254 786 1295 nempe

74 1318 189 1357 Pronomen
206 1316 283 1359 ἑαυτῶν
297 1313 379 1357 dauid.
395 1315 472 1355 XXIII:
488 1316 522 1357 31.
539 1314 587 1356 Act,
601 1315 660 1357 XIII:
675 1317 710 1357 46.
723 1313 785 1356 Boin.

74 1392 103 1433 ll:
121 1393 154 1432 14.
170 1390 218 1432 XII:
235 1393 267 1432 19.
284 1392 296 1432 2
313 1389 362 1432 Cor.
378 1389 419 1430 lll:
436 1391 446 1430 1
461 1389 546 1445 aliisque
564 1390 586 1431 in
599 1389 648 1431 Iocis
662 1404 725 1447 quam
737 1390 786 1445 plu*-

74 1467 130 1507 rimis
145 1466 245 1515 occurrit,
254 1473 278 1506 ut
290 1465 349 1506 nobis
361 1465 479 1521 facultatem
487 1465 583 1523 praebeat
594 1464 629 1507 bic
639 1465 787 1520 interpretandi

73 1547 167 1583 ecetram
188 1543 245 1598 apsi,
265 1555 307 1581 nou
326 1553 384 1589 sero,
401 1547 425 1580 ut
442 1539 486 1580 fieri
501 1539 560 1589 solet,
574 1545 668 1580 cestram
681 1542 785 1596 t'psoreun.

71 1616 165 1660 Verbum
185 1623 253 1655 autem
273 1611 416 1668 κατεργάζεσθε
437 1629 485 1655 euru
503 1628 653 1656 nnnrsosrouo
671 1621 691 1655 et
706 1614 785 1669 optimis

55 1684 57 1687 ⁵
73 1690 189 1746 uiribusque
204 1688 374 1744 interpretibusa
388 1688 481 1742 Simplici
497 1684 605 1743 ἐργάζεσθε
619 1688 787 1746 distinguendrun

73 1780 124 1814 esse,
141 1771 221 1819 praeter
241 1764 288 1805 alios
308 1763 361 1804 bene
382 1762 469 1804 ostendit
494 1777 584 1805 enmono.
615 1763 674 1806 Unde
691 1772 786 1819 apparet,

72 1840 174 1888 homines,
191 1853 233 1879 nen
248 1837 375 1879 obedieutiae
390 1838 530 1888 inmemores,
546 1837 581 1878 sed
595 1838 637 1879 eius
645 1838 703 1880 valde
712 1838 786 1881 studio-

73 1931 102 1958 sos
123 1914 157 1956 hic
177 1913 293 1963 admoneri,
316 1920 339 1953 ut
357 1912 422 1963 iiam,
445 1927 507 1968 quam
527 1913 612 1969 ingressi
626 1914 675 1965 sint,
688 1922 787 1970 perpetua

73 2007 122 2034 cura
137 2005 161 2033 ae
177 1989 282 2045 diligentia
297 1995 451 2043 persequantur.

377 2139 431 2166 snus.
450 2127 482 2166 13.

100 2217 240 2261 ‚admonitioni
254 2230 330 2258 erutus
345 2215 462 2270 pondushet
479 2222 608 2257 momentum
620 2216 689 2259 adiicit
697 2217 787 2261 scriben-

71 2297 107 2338 do:
122 2294 143 2336 Ὁ
159 2291 209 2341 (dede
222 2289 259 2346 γάρ
273 2293 326 2334 ἔστιν
340 2290 352 2332 ὁ
365 2291 448 2347 ἐνεργῶν
463 2292 484 2332 ἕν
497 2289 547 2343 ὑμῖν
560 2292 593 2333 καὶ
606 2290 630 2334 rd
643 2291 710 2335 θέλειν
722 2295 755 2335 καὶ
763 2293 787 2336 ed

71 2372 155 2424 ἐνεργεῖν
168 2366 217 2422 ὑπὲρ
231 2369 267 2421 τῆς
279 2364 375 2414 εὐδοκίας,
405 2366 474 2406 Nereus
491 2378 538 2407 cum
553 2365 690 2421 superioribus
709 2368 786 2423 seipse

73 2443 192 2500 explicabit,
209 2442 225 2482 si
241 2441 370 2498 singulorum
379 2440 490 2483 verborum
502 2441 690 2496 interpretationem
702 2443 731 2484 ita
739 2458 788 2485 oon-

72 2520 190 2568 fcoedmus,
208 2524 231 2558 ut
245 2516 340 2559 orationis
353 2523 420 2571 pateat
436 2532 511 2558 sensus.
541 2516 652 2572 incipimus
667 2534 678 2560 a
691 2518 787 2575 proximis

75 2597 85 2638 ὁ
103 2592 152 2644 &ab
172 2595 224 2636 ἐστιν
245 2594 257 2635 ὁ
277 2594 368 2647 ἐνεργῶν,
389 2606 442 2649 quae
457 2606 580 2643 unanimus,
603 2608 692 2636 u'omrus
712 2593 787 2649 aliique

75 2673 177 2726 eleganter
192 2677 210 2709 et
223 2684 259 2723 per
275 2666 383 2723 Enipbasiu
400 2668 463 2723 posita
479 2683 520 2710 esse
535 2669 659 2712 eordenduut
672 2670 729 2726 proo‘
740 2668 788 2717 Θεός
