1650 2790
291 49 334 75 cnr.
352 36 375 75 ll.
393 50 449 77 uuus
466 39 499 78 30.
710 39 751 79 2023

42 159 100 206 unit,
115 173 155 199 unu
170 165 252 212 exceptu
269 156 462 208 Ilczlu‚Vei·siorres‚
478 174 530 215 quac
544 159 651 209 dicuutur,
669 165 750 208 mtemu7

41 236 115 292 quippe
136 247 188 288 qune
208 232 268 274 uerba
285 232 343 274 nobis
364 231 459 274 exhibent
476 235 557 291 utrique
574 234 683 290 Perticipio
700 247 751 274 con-

42 325 91 369 grua
105 306 143 366 (1).
174 300 252 357 Patres,
272 307 372 364 imprimis
391 308 475 361 Graeci,
494 318 576 366 recepto
594 310 658 366 magis
672 310 751 359 iuvent,

41 398 101 442 quum
114 383 178 426 alteri.
208 384 281 441 Neque
298 384 355 426 aliter
367 385 500 428 iudicandum
515 393 543 428 est
557 385 583 427 de
597 401 750 435 runouonuro,

41 458 115 503 etiamsi
128 465 183 500 rectc
197 458 269 500 uiderit
280 474 391 503 RETTIGIUS
400 459 438 518 (2),
451 460 474 503 in
483 460 750 518 commentariorumque-

40 536 103 578 oemio
117 549 155 590 pro
167 533 197 591 pq*
210 535 307 586 δείσαντες
321 534 452 578 scribendum
466 549 507 576 esse
521 533 553 593 μή
567 534 666 578 δείσαντα.
686 535 750 577 Inter-

40 616 120 667 prctum
139 597 217 665 primus
231 611 313 652 fortasse
326 610 365 651 fuit
379 624 494 660 sennenn,
509 609 545 666 qui
557 609 673 651 Eclitionem
684 611 751 653 Recc-

39 693 94 742 ptnm
109 684 212 741 corrigere
224 684 325 726 iuberent.
356 682 417 736 Quod
432 691 501 725 autem
516 684 552 724 illc
565 684 644 741 ingenii
657 685 752 726 acumine

40 761 164 810 coniecerat,
180 759 215 801 alii
224 766 294 814 postea
306 758 407 800 librorum
421 758 567 801 confirmarunt
576 759 696 802 testimonio.
713 759 752 801 Sed

40 835 149 877 rationibus
165 834 191 875 ml
208 833 311 876 calculum
330 834 416 885 vocatis,
430 850 442 876 a
455 834 502 874 n'ris
516 833 596 891 mugnis
610 834 662 875 mihi
674 835 754 878 dissen-

40 909 130 952 tiendum
144 908 230 951 videtur.
252 908 382 965 Quamquam
396 909 451 950 enim
461 923 539 965 ,negare
552 908 611 960 nolo,
625 908 755 952 Adiectivum
785 933 788 944 ι

39 983 151 1040 νοονῖβολος
165 984 249 1042 gignere
259 983 348 1040 potuisse
355 985 448 1028 Verbum
457 984 621 1042 παραβολεύομαι
636 982 678 1043 (3);
690 985 755 1026 miror

39 1069 106 1102 tamen
120 1061 217 1110 Graecos,
234 1059 250 1100 si
263 1058 302 1101 hoe
309 1059 378 1103 Verbo
392 1074 462 1101 reuera
474 1067 591 1110 uterentur,
601 1061 683 1101 nullum
690 1060 754 1110 aliud,⁴

41 1135 95 1191 quoil
109 1135 131 1176 in
145 1132 184 1179 εὔαν
198 1133 309 1185 desineret,
326 1134 468 1189 aGompositis
483 1132 618 1191 ἀμφιβάλλου,
632 1134 754 1189 ἀναβάλλειν,

39 1206 149 1265 (ἐπιβάλλω
169 1216 208 1251 cet.
230 1208 338 1259 derivasse,
358 1208 445 1264 exceptis
459 1206 602 1263 ονμβολατεοω
616 1209 753 1261 similibusre,

39 1284 86 1327 hinc
99 1284 175 1328 alicnis.
191 1284 262 1326 Levius
270 1283 359 1340 quidem,
369 1283 404 1326 sed
411 1283 560 1341 negligendum
569 1299 611 1326 uon
619 1293 655 1336 est,
662 1285 753 1342 Simplex

39 1358 145 1415 βολεύομαι
152 1375 254 1417 nusquam
264 1360 312 1417 legi,
322 1357 443 1415 βουλεύομαι
458 1367 528 1403 contra
536 1361 691 1416 frequentatum
705 1376 755 1411 esse

39 1436 105 1476 Recte
113 1449 196 1492 quoque
213 1450 361 1479 uurunrcusrus
374 1435 451 1492 aliique
465 1441 602 1486 monuerunt,
617 1435 713 1478 Dotivum
726 1439 754 1495 τῇ

40 1513 100 1570 ψυχῇ
122 1511 188 1551 multo
210 1512 275 1568 magis
296 1510 405 1553 convenire
423 1517 505 1566 recepto
528 1508 754 1568 παροβοολενοοίμενος,

41 1600 101 1641 quam
116 1585 174 1627 alteri
186 1583 392 1643 παραβολευσάμενος.
419 1585 444 1626 Et
457 1584 482 1627 ad
495 1585 644 1641 quaestionem,
660 1585 716 1628 mule
724 1587 754 1628 fa-

41 1668 97 1702 ctum
116 1661 151 1712 sit,
167 1668 190 1702 ut
202 1662 301 1706 Veterum
314 1661 410 1703 nonnulli
420 1661 443 1702 in
456 1661 552 1717 exemplis
566 1660 606 1702 suis
615 1660 698 1703 ederent
714 1679 755 1703 πο-

41 1733 219 1793 ροβολενσάμενος,
240 1736 293 1778 bene
313 1736 354 1777 inm
369 1750 488 1790 responsum
504 1743 545 1784 est,
563 1736 636 1778 vitium
654 1737 755 1793 originem

41 1811 116 1866 cepisse
128 1826 139 1853 n
151 1811 253 1861 Libmrio,
266 1811 302 1867 qui
314 1809 426 1853 festinando
439 1810 538 1854 Vocnlem
550 1824 560 1849 ο
572 1826 610 1867 pro
622 1810 755 1868 Diphthongo

41 1903 63 1929 ον
76 1893 172 1941 poneret,
186 1893 247 1943 atque
262 1885 311 1929 hinc
323 1885 349 1928 ad
361 1885 410 1927 alios
422 1893 558 1942 propagatum
574 1900 626 1936 esse,
639 1893 663 1927 ut
675 1886 707 1928 vel
719 1885 754 1928 In-

41 1968 116 2016 terpres
134 1961 215 2003 Latinus
237 1960 398 2017 antiquissimus,
418 1975 467 2003 cum
487 1961 581 2004 Verbum
598 1961 687 2003 insolens
711 1975 754 2002 non

41 2035 174 2092 intelligeret,
194 2035 263 2091 inepte
281 2035 379 2078 scriberet
391 2035 539 2092 parabolulus
558 2041 597 2079 est.
627 2037 679 2078 Nam
698 2034 755 2092 quod

42 2111 166 2168 confidenter
178 2126 304 2155 nmrunuus
316 2110 353 2162 nit,
367 2110 504 2166 corruptelam
516 2126 528 2152 a
539 2111 659 2155 Latinorum
672 2119 754 2167 stupore

33 2197 196 2226 Na-g

63 2277 87 2323 (1)
99 2282 119 2312 Et
130 2284 179 2314 oratio
191 2281 282 2314 muniatis
294 2287 329 2323 est,
340 2289 359 2314 ut
370 2291 422 2313 sensus
434 2282 466 2313 eius
478 2280 531 2313 eodem
543 2280 576 2312 sere
587 2280 638 2313 redire
652 2280 753 2322 debent‚sive

41 2339 101 2382 legatur
117 2343 324 2386 νιοραβουλευοιὶμενος,
340 2354 367 2375 seu
380 2342 572 2388 παραβολευσάμενος.
596 2342 641 2384 Quod
654 2348 670 2373 et
687 2352 706 2372 ex
720 2341 754 2382 ipsn

40 2403 121 2446 utriusque
132 2405 215 2449 Participii
225 2408 288 2439 notione
299 2404 401 2447 intelligitur.
425 2404 462 2436 usui
473 2405 536 2436 sortasse
548 2415 579 2436 esse
591 2409 655 2447 possunt
662 2401 709 2433 verbo
720 2409 754 2431 mu·

42 2473 102 2495 runem
115 2463 133 2496 tle
147 2466 218 2508 Caesare,
233 2469 295 2501 norat.
306 2478 323 2511 p.
333 2467 366 2498 206
378 2467 396 2498 B.
406 2466 445 2498 Τῶν
454 2466 574 2510 τολμημάνων
583 2467 606 2498 τὰ
613 2463 713 2509 παράβολα
721 2462 753 2495 mel

42 2526 113 2567 μεγάλα
125 2528 214 2570 πράττειν
225 2530 259 2575 ἔφη
270 2531 321 2570 δεῖν,
335 2528 380 2562 ἀλλὰ
392 2530 415 2572 μὴ
429 2527 575 2570 βοινλεὺσασῧαν.

64 2585 87 2631 (2)
100 2589 167 2627 Qnoest.
180 2600 196 2632 p.
208 2591 230 2621 33
243 2602 278 2635 sqq.

63 2648 89 2693 (3)
101 2651 168 2683 Louucn,
180 2662 196 2694 p.
208 2653 236 2695 67,
248 2653 291 2695 566,
305 2654 338 2685 590
349 2664 384 2697 sqq.
398 2653 460 2685 Wmm.
472 2663 487 2695 p.
500 2652 529 2684 St,
