1650 2790
243 67 288 95 ear.
301 53 317 96 Ι.
331 67 387 94 unns.
402 55 426 101 3,
441 54 465 101 4,
480 54 500 91 5.
700 51 727 91 43

16 180 76 224 semel
88 179 142 218 inter
155 175 195 217 [luo
208 175 291 217 nomina
302 175 408 216 interiecta
421 180 450 214 est
461 173 493 216 ad
506 172 599 214 alterins
613 174 649 213 rei
659 172 729 230 effica-

16 260 100 300 citatem
112 245 139 295 ¹in
155 254 249 295 alteram
266 239 413 301 denotandam,
431 250 462 291 uti
478 252 491 292 2
508 249 559 294 Cor.
577 248 615 291 IX:
631 250 657 291 13
676 248 729 290 inter

16 331 120 387 ὁμολογίας
140 337 159 371 et
177 325 346 385 stapelwilt),
364 325 432 368 Hetr.
445 327 483 367 XI:
498 329 523 366 11
544 327 597 367 inter
610 324 696 380 δύναμιν
710 332 730 365 et

17 402 134 461 ααταβολήν.
159 404 231 460 Itaque
249 403 311 444 rerhe
330 417 372 444 non
385 401 519 456 explicamus:
533 400 591 457 qnod
608 400 733 459 Euangelii

12 482 136 541 participes
145 479 209 537 faeti
222 480 286 530 estis,
302 477 337 519 sed
352 475 408 533 quod
422 488 509 533 operam
524 474 632 516 nootsenm
641 488 730 517 eonznza-

16 571 62 598 nem
77 555 215 615 Eneangelio,
230 554 252 596 id
267 561 306 603 est,
323 554 358 593 rei
376 550 529 600 Christianae,
541 548 641 592 dedistis.
661 551 732 592 Ture·
798 564 800 567 ’

17 645 135 673 rnreaerus
146 630 186 687 (2),
201 641 326 684 quemquam
339 633 359 667 et
370 625 405 667 hie
418 626 571 667 liberalitatem
583 624 662 667 laudari
674 633 733 681 puta-

17 708 62 757 bat,
76 706 117 748 iam
128 705 271 759 interpretatus
284 709 323 742 est:
338 696 369 743 tn
382 700 473 743 κοινωνοί
485 716 525 752 μον
542 698 620 755 γίνεσθε
635 699 669 741 καὶ
682 713 747 753 oon<

18 782 108 838 μεριοταὶ
121 783 162 823 τῶν
177 778 211 821 ἐπί
223 780 252 836 τῷ
263 775 367 836 εὐαγγελίῳ
378 773 450 819 πόνων.
469 773 536 828 Quem
548 774 735 830 interpretationem

19 854 162 896 rationibus'et
174 851 300 908 argumentis
313 850 359 893 satis
372 850 435 891 firmis
448 849 496 901 niti,
505 849 556 892 mihi
562 850 736 905 persuasissimum

19 936 54 971 est.
74 929 155 969 Partem
169 933 294 982 occuparunt
306 925 358 969 V.V.
371 924 421 967 Dp.
440 939 501 979 supra
520 924 597 967 laudati
611 925 698 981 aliique,
714 924 737 966 in

21 1003 93 1059 quibus
106 1016 205 1052 rasrrus3
225 1015 271 1056 pars
290 999 394 1041 tractanda
412 1006 479 1041 restat,
509 1000 535 1040 Et
548 1000 639 1055 primum
653 999 737 1056 quidem

20 1076 190 1133 breviloquentia,
210 1090 250 1132 qua
264 1090 302 1117 vor
314 1074 426 1131 εὐαγγέλιον
439 1089 476 1131 per
488 1076 633 1133 lllctonymiam
644 1076 670 1118 de
682 1076 737 1119 Εα-

22 1153 107 1211 angelii
116 1152 281 1210 propagatione
298 1150 385 1201 dieitur,
405 1164 472 1192 niueo
484 1151 639 1194 familiarissime
652 1159 681 1193 est
694 1149 737 1208 (3),

23 1234 42 1267 et
59 1241 70 1268 a
87 1240 208 1268 nervosum
225 1226 266 1266 iam
277 1232 352 1267 notata.
382 1224 460 1279 Deinde
473 1226 521 1267 alibi
535 1239 618 1281 queque
630 1225 738 1280 Apostolus

23 1301 136 1352 κοινωνίαν,
155 1300 188 1341 tel
205 1299 316 1356 generatim
329 1299 355 1340 de
367 1302 510 1341 communione
524 1307 620 1356 usurpat,
633 1300 666 1341 vel
679 1300 739 1342 etiam

23 1374 49 1416 de
61 1369 203 1416 conzmnnione
213 1388 291 1432 operae
303 1374 326 1415 in
338 1374 398 1415 rebus
411 1374 483 1416 divinis
493 1373 612 1430 ponendae,
625 1374 674 1416 util
686 1375 737 1418 Cor.

23 1449 54 1489 X:
69 1452 102 1492 16.
123 1452 135 1490 2
153 1449 204 1493 Cor.
218 1450 257 1493 Vl:
273 1451 306 1489 14.
330 1447 381 1490 Gal.
394 1448 426 1489 H:
441 1452 460 1491 9.
480 1448 543 1490 Pnz't.
557 1449 589 1490 H.-
608 1451 627 1492 1.
647 1449 689 1491 HI:
705 1451 740 1493 10.

24 1523 75 1563 Tum
94 1522 233 1577 interpretatio
247 1523 360 1578 proposita,
374 1529 397 1563 ut
410 1537 458 1564 eum
470 1522 569 1578 loquendi
581 1538 620 1564 usu
632 1523 739 1580 congruit,

23 1597 52 1639 ita
69 1597 119 1639 loeis
133 1597 288 1640 commendatur
301 1597 411 1648 similibus,
425 1597 463 1639 ubi
474 1596 567 1639 honrines
580 1597 688 1641 Christiani
699 1613 741 1641 non

25 1672 91 1713 solum
102 1680 185 1728 propter
197 1672 280 1715 virtutes
293 1687 337 1715 suas
349 1672 469 1723 laudantur,
482 1673 517 1715 sed
529 1674 591 1715 etiam
603 1673 659 1730 quod
670 1689 742 1718 causae

26 1759 108 1787 enarsrr
121 1761 252 1789 communem
263 1755 366 1803 praestant
379 1763 473 1803 operam,
486 1749 517 1790 uti
529 1749 591 1791 Rom.
605 1750 625 1790 I:
637 1753 677 1793 8.1
689 1750 740 1794 Gor.

26 1821 47 1862 1:
62 1825 82 1864 6.
102 1822 162 1879 Epir.
176 1823 196 1864 I:
211 1825 249 1874 15,
264 1826 298 1866 16.
319 1823 365 1866 Col.
378 1823 400 1864 I:
415 1826 438 1874 4,
458 1824 602 1879 praesertim2
619 1824 671 1869 Cor.
684 1826 706 1866 l:
721 1828 742 1868 7.

28 1899 38 1937 1
56 1896 132 1940 Tlos-s.
145 1898 167 1938 I:
182 1902 194 1940 3
206 1913 251 1955 sqq.
264 1901 277 1940 2
292 1897 368 1941 Tness.
380 1898 402 1940 I:
417 1901 430 1940 3
443 1907 488 1955 sqq.
506 1899 568 1943 Pliil.
582 1903 594 1943 5
610 1915 654 1958 sqq.
683 1901 743 1943 Unde

28 1973 142 2029 colligimus
154 1981 265 2024 auctorem,
280 1988 327 2015 eum
338 1973 515 2032 Philippensium
527 1975 631 2031 praedicet
642 1977 744 2019 κοινωνίαν

29 2048 55 2096 οἷς
66 2046 90 2090 ei
103 2047 225 2103 εὐαγγέλιον,
235 2044 275 2090 hoe
287 2047 325 2089 sihi
337 2047 400 2098 velle,
414 2063 448 2090 eos
460 2048 512 2100 fide,
526 2051 647 2102 constantia,
661 2051 744 2093 caritate

50 2172 74 2218 (1)
87 2173 131 2216 Quod
142 2174 166 2206 ihi
179 2176 249 2218 sequitur
262 2178 399 2219 nigromantiae
413 2179 440 2214 εἰς
455 2177 522 2216 αὐτοὺς
531 2180 567 2211 ant
580 2181 606 2217 οἷς
619 2181 690 2218 πάντας
701 2191 744 2211 com-

29 2237 116 2268 munionem
133 2235 196 2280 quidem
214 2244 283 2281 spectat,
300 2249 340 2281 quae
356 2240 373 2271 in
388 2240 489 2271 liberalitate
502 2243 581 2284 cernitnr3
599 2241 626 2274 sed
636 2242 681 2274 nohis
692 2249 744 2274 tamen

29 2295 96 2329 subsidio
108 2304 138 2339 est,
152 2302 228 2342 quatenus
236 2298 331 2342 Praepositio
342 2301 424 2332 interiecta
431 2303 547 2335 communionis
555 2303 667 2344 ffeaeitatem
674 2306 693 2335 in
700 2304 744 2336 alios

30 2356 111 2398 signifieat.

54 2416 77 2461 (2)
93 2419 153 2453 Comm.
165 2422 184 2453 in
195 2423 234 2464 Ep·
243 2422 265 2454 acl
275 2422 351 2466 Philipp.
363 2424 383 2456 ad
394 2424 410 2457 h.
423 2425 435 2456 l.

54 2479 79 2523 (3)
91 2481 138 2513 Recte
149 2491 241 2515 scumusmr
253 2485 270 2516 in
282 2486 339 2517 Lento.
352 2485 381 2517 m.
393 2487 415 2517 ΙΙ.
428 2487 486 2518 excitat
495 2487 550 2518 locosl
558 2486 595 2519 Cor.
602 2487 634 2518 IV:
643 2488 671 2519 15.
678 2488 710 2519 lli:
718 2488 746 2519 14.

33 2542 71 2572 eat.
83 2541 105 2574 11:
118 2542 135 2585 7,
148 2544 185 2575 alios
196 2557 233 2578 vero
245 2547 296 2578 minus
306 2553 356 2579 recta
369 2547 396 2579 sed
407 2547 439 2580 illis
450 2548 517 2580 addendi
527 2554 563 2580 sunt
574 2548 623 2580 multo
632 2548 691 2593 plures:
700 2552 746 2582 Rom.

32 2600 130 2643 1:1,e.1
146 2605 202 2637 Thess,
213 2606 241 2638 II:
254 2607 270 2639 4.
282 2607 349 2641 Philoni.
361 2610 394 2651 13,
408 2610 454 2641 etiam
465 2610 513 2643 Phil.
524 2610 543 2642 1:
559 2611 585 2642 te.
597 2610 623 2642 11:
637 2613 666 2643 22.
679 2612 707 2643 tt:
719 2612 746 2641 15.

34 2662 58 2695 Cf,
68 2671 194 2699 enrrsmannrn.
206 2667 222 2698 h.
234 2680 250 2701 v.
