1650 2790
254 70 298 98 err.
314 56 340 98 ll.
356 70 412 97 vrrs.
426 57 450 105 5,
467 57 529 97 6-11.
702 57 743 98 139

36 185 135 238 quotquot
149 190 185 219 suo
204 178 226 219 in
244 177 336 232 exemplo
355 177 447 234 legerent
463 178 571 219 Possirum.
602 178 645 218 Neo
662 183 743 228 tamen,

36 258 52 300 si
66 254 132 297 Editio
147 260 229 309 recepta
241 251 362 310 corrigenda
375 260 414 303 est,
428 260 462 294 aut
475 252 580 309 posteriori
592 248 686 294 membro
692 252 744 296 Ver-

36 334 86 375 hum
99 329 155 372 aliud
167 342 228 385 quam
241 326 346 386 ἒφρονήθη
360 328 467 385 cogitando
476 327 536 371 adiici
549 328 619 380 dehet,
630 335 665 371 aut
675 342 745 369 sensus

36 404 137 449 Orationis
150 404 284 446 mutationem
297 404 360 456 subit,
373 411 396 445 nt
408 404 461 446 bene
474 403 515 445 iam
527 403 603 445 notarit
615 418 720 446 GALVINUS.

324 553 381 580 vrrs.
397 540 459 580 6-11.

65 631 139 687 [ncipit
157 646 244 680 nonnus,
263 628 377 670 seeundum
388 642 476 669 remmon
492 636 512 670 et
524 628 632 684 plerosque
644 628 746 684 Interpre-

37 715 76 757 tes,
100 706 216 762 exemplum
234 717 318 746 onnrs‘rr
337 703 365 745 ito
381 718 507 759 proponere,
527 710 550 745 ut
566 702 747 761 ταπεινοφροσύνην

37 782 105 832 illam,
123 796 185 837 quarn
200 794 260 835 snpra
273 778 455 829 commendaverit,
469 779 492 821 in
506 793 529 821 eo
543 778 701 834 adspectabilem
712 780 748 820 lu-

36 857 74 897 isse
95 855 171 897 doeeat.
202 854 242 896 Sed
260 854 290 896 uti
310 853 360 896 haec
380 854 478 896 sententia
497 855 625 899 inVersum
638 857 651 897 3
664 854 748 911 quidem

37 931 132 988 quadrat,
154 930 177 971 in
193 930 281 973 Versum
301 931 325 980 4,
345 929 381 971 ubi
399 928 439 970 alia
456 929 580 984 praecipitur
595 929 668 980 virtus,
687 943 749 986 quam

37 1005 146 1056 modestia,
166 1020 208 1047 non
221 1006 270 1046 item
288 1002 329 1063 (1);
346 1004 374 1046 sio
392 1004 414 1045 in
431 1004 521 1046 oratione
540 1004 633 1061 sequenti
651 1019 679 1046 rs.
694 1006 720 1054 7,
735 1007 748 1047 8

37 1082 51 1136 ἡ
65 1078 235 1137 τοπονοφροσύνη
249 1094 332 1122 onmsrr
348 1093 390 1121 non
403 1078 507 1131 laudatur,
520 1086 620 1135 quotenus
632 1078 750 1120 hominihus

38 1156 99 1197 etiam
116 1155 245 1197 inferioribus
257 1155 327 1205 cessit,
342 1152 378 1195 sed
390 1160 489 1209 quatenus
503 1168 524 1194 se
535 1154 590 1195 ultro
603 1153 689 1196 subiecit
700 1154 750 1195 Deo.

38 1231 113 1288 Utique
126 1237 207 1281 auctor,
222 1230 316 1272 etodium
330 1236 413 1271 onnrsrr
426 1229 490 1285 quale
496 1229 583 1286 fiterz't,
597 1229 693 1285 expressis
705 1244 751 1270 ver-

38 1306 69 1348 bis
88 1321 130 1347 non
146 1305 229 1356 dixisse,
249 1304 284 1366 sed
299 1320 322 1347 ea
335 1311 415 1346 tantum
427 1304 517 1346 attulisse
530 1304 623 1355 ridetur,
636 1320 660 1346 ex
677 1304 751 1361 quihus

39 1380 99 1422 studii
113 1380 167 1421 illius
180 1388 275 1422 naturam
291 1387 310 1422 et
325 1379 417 1421 indolem
430 1378 467 1434 ipsi
483 1379 580 1437 colligere
591 1387 673 1435 possent
685 1380 752 1422 leoto-

39 1471 77 1497 res.
112 1454 173 1508 Quod
192 1456 209 1496 si
231 1453 282 1496 milri
304 1469 346 1496 non
365 1454 449 1495 vetitum
471 1462 511 1505 est,
532 1454 627 1511 equidem
648 1455 752 1511 singulare

39 1529 126 1584 spectari
141 1536 192 1585 puto
205 1529 295 1570 studium
308 1543 328 1570 se
341 1529 447 1572 communi
462 1527 569 1570 hominum
583 1529 643 1571 saluti
652 1529 753 1571 devoren-

12 1656 14 1658 .
40 1604 71 1655 di,
89 1604 146 1660 quod
166 1605 300 1660 eonspiouum
314 1604 386 1646 feeerit
399 1603 514 1646 obedientia
527 1605 583 1656 Deo,
600 1605 657 1646 ouius
670 1604 753 1646 consilia

40 1687 195 1737 exsequeretur,
210 1680 236 1722 ad
248 1694 331 1722 erucem
343 1694 408 1736 usque
421 1679 548 1735 praestanda.
572 1679 613 1721 Sed
625 1679 660 1722 hio
673 1680 754 1721 brevior

41 1769 83 1797 esse
94 1770 187 1811 possum,
203 1756 325 1812 quoniame
340 1752 483 1799 constitutione
496 1756 556 1798 huius
571 1772 636 1798 nexus
646 1771 689 1798 non
703 1769 754 1810 pen-

40 1829 75 1871 det
89 1830 229 1885 interpretatio
244 1831 296 1881 looi,
312 1831 334 1873 in
346 1845 409 1887 quem
421 1847 478 1874 nuno
490 1831 552 1874 delati
564 1845 640 1873 sumus.

69 1907 148 1948 Locum
166 1906 304 1962 gravissimum
322 1908 364 1948 esse
377 1907 403 1949 ab
420 1908 504 1964 antiquo
523 1921 592 1948 omnes
606 1920 648 1946 uno
661 1919 696 1946 ore
707 1918 754 1959 pro-

42 1981 87 2023 fessi
99 1987 155 2023 sunt:
173 1980 235 2022 modo
248 1988 275 2022 ne
288 1995 349 2023 coeca
364 1988 384 2023 et
399 1982 485 2039 indigna
497 1997 546 2024 oum
559 1988 626 2023 vetera
638 1978 754 2035 repetendi,

42 2064 86 2098 tum
99 2071 152 2098 nova
163 2055 255 2113 fingendi
267 2056 365 2112 cupiditas
375 2057 466 2109 lecisset,
480 2065 504 2098 ut
516 2071 575 2112 saepe
584 2055 649 2113 magis
661 2055 755 2096 obscuro-

43 2139 110 2182 retur,
126 2146 188 2188 quern
199 2131 341 2174 illustraretur.
355 2133 448 2174 Profecto
461 2132 547 2188 longum
564 2133 599 2183 sit,
613 2131 677 2172 varias
690 2129 756 2171 homi-

42 2221 105 2258 num,
119 2207 194 2264 quide
208 2222 231 2249 eo
245 2207 375 2250 commentati
388 2215 446 2259 sunt,
460 2207 578 2258 sententias,
588 2207 605 2248 si
616 2206 684 2247 minus
696 2219 756 2246 enar-

44 2295 99 2332 rare,
121 2290 141 2325 at
165 2282 268 2341 sigillatim
286 2288 354 2326 tamen
374 2284 484 2340 explorare.
514 2281 555 2323 Sed
573 2297 619 2338 pars
637 2279 756 2324 luxuriantis

67 2481 91 2526 [1]
103 2483 185 2513 Rationem
195 2483 253 2514 Versus
264 2484 275 2513 4
286 2483 352 2513 maximo
363 2480 419 2512 habuit
430 2488 536 2523 vmrormos,
547 2478 661 2510 seribensinter
669 2478 758 2521 olimqooo

45 2545 99 2576 ‹ronzio
112 2545 170 2575 doeout
183 2549 199 2574 et
210 2545 297 2576 hortantur
305 2555 345 2586 oros,
359 2547 379 2573 rot
390 2543 468 2574 similiter
473 2567 479 2584 ,
493 2544 578 2575 imitantes
587 2542 684 2584 Dominum,
698 2553 728 2574 nos
738 2542 758 2574 de

45 2610 85 2640 otiis
97 2609 155 2651 potios
172 2608 272 2650 rogitemus,
292 2618 340 2649 quom
358 2607 376 2639 de
389 2606 436 2638 nobis
451 2606 500 2649 ipsis.
522 2605 580 2639 Vitiose
595 2613 653 2637 ormlo
664 2605 724 2638 editum
736 2612 758 2637 est

45 2680 76 2702 noo
89 2671 108 2702 de
120 2671 167 2701 aliis.
