1650 2790
60 65 100 105 150
296 75 341 102 orn.
355 60 382 100 ll.
396 74 454 101 vans.
470 61 493 108 7,
510 62 531 100 8.

56 186 162 242 proprium
175 185 318 226 coalescerent.
340 184 459 240 Figuratum
474 190 542 227 autem
556 182 691 233 stoicorum,
706 183 723 225 si
735 183 769 225 iu-

56 266 201 315 terpretamur:
220 274 266 300 oum
278 261 396 317 imaginem
412 263 472 301 seroi
485 260 614 316 susciperet:
628 257 671 299 eius
685 259 769 302 veroin

57 335 125 376 lorum
137 333 219 390 proprio
233 334 350 384 substituto,
358 349 415 376 mens
423 335 511 377 auctoris
521 341 559 376 est:
570 349 617 376 αιιιιι
625 332 668 376 Dei
677 349 700 375 se
705 336 768 392 faee-

57 415 91 450 ret
105 412 235 452 rrzirrz'strom.
248 411 278 452 Ne
287 411 332 467 quis
342 416 411 452 autem
419 410 489 466 inepte
498 410 521 452 in
533 411 612 453 Aoristo
621 410 712 452 seeundo
721 425 770 453 eau-

56 500 99 527 sam
114 491 208 541 quaerat,
224 500 261 528 eur
275 484 405 528 scribendum
417 500 462 531 non
474 484 498 526 sit
506 486 606 543 faceret,
621 485 657 528 sed
663 486 768 542 fecisset,

57 560 122 603 obiter
135 561 247 604 notandum
259 568 299 611 est,
315 562 402 604 Graecos
410 563 509 619 μιτίιιιιιιι
521 558 590 618 λήμας
603 577 645 604 uon
656 576 769 618 usurpasse,

56 650 125 692 neque
138 636 227 679 Aoristos
242 637 294 678 inter
307 651 328 678 se
344 635 426 678 differre
438 636 532 687 notione,
549 635 584 678 sed
596 637 668 679 forma.

85 712 210 754 Postremam
228 710 289 753 huius
306 725 375 754 versus
389 719 479 768 partem:
495 713 517 756 ἐν
529 710 642 768 ὁμοιώματι
655 710 771 770 ἀνθρώπων

55 783 168 842 γενόμενος,
182 800 281 829 noconius
295 801 343 829 cunr
358 801 430 829 rutero
442 786 553 843 multisque
568 787 714 842 interpretatur
726 787 769 828 lio-

55 877 89 903 ιιιο
99 863 192 921 foetus:
207 861 241 903 sed
257 876 328 904 vocem
342 858 453 917 ripatorium
466 861 545 919 negligi
557 876 599 904 non
612 876 681 918 posse,
694 868 770 903 utmo-

55 944 145 978 nuerunt
165 944 246 993 praeter
267 937 320 999 alios¹
335 950 433 979 eruamus
448 945 468 979 et
480 952 607 988 unissimus,
622 937 770 993 imperspicue

54 1012 197 1068 intelligimus,
214 1025 263 1053 oum
281 1026 305 1053 ex
320 1011 455 1053 circumiectis
470 1010 540 1068 μορφή
554 1019 573 1053 et
589 1015 671 1069 σχῆμα,
684 1019 729 1053 tum
744 1027 769 1053 en

54 1086 100 1127 loeo
120 1086 181 1128 simili
199 1084 260 1128 Rom.
276 1087 337 1131 Vlll:
356 1089 380 1137 3,
397 1101 448 1143 quo,
469 1100 595 1143 quamquam
614 1087 682 1128 minus
701 1094 768 1138 reete,

53 1162 94 1203 iam
113 1177 160 1204 usus
177 1169 207 1203 est
220 1175 391 1212 cnursosmuus,
406 1161 510 1217 disputans
525 1169 596 1205 eontra
611 1160 768 1205 Marcionitas.

52 1236 125 1279 Sicuti.
136 1252 212 1292 nempe
228 1237 290 1279 rerba
304 1234 388 1290 πέμψας
407 1238 428 1280 ἐν
448 1233 560 1292 ὁμοιώματι
580 1235 651 1294 sopior
671 1237 770 1295 ἁμαρτίαις

55 1312 113 1354 aliter
132 1312 204 1368 erponi
220 1319 327 1370 nequeunt
338 1325 410 1367 quam:
426 1314 493 1353 misso
510 1310 568 1369 (Filio
582 1309 627 1368 suo)
646 1313 670 1352 ιἰι
686 1313 770 1354 sonill-

54 1387 130 1429 tuoline
144 1389 251 1430 Ιιαιιιιίιιιαι
265 1389 406 1436 vitiosorum
422 1386 451 1429 sie
464 1386 515 1429 haee
528 1401 629 1442 exponere
644 1401 727 1429 necesse
741 1395 770 1429 est

52 1464 219 1505 similitudinem
239 1463 347 1504 Ιιοιιιιιιιιαι
363 1462 500 1514 adsciscens,
520 1462 564 1512 vel,
579 1462 646 1503 utria
659 1469 679 1503 et
691 1463 769 1504 ratione

53 1537 150 1592 procedat
170 1537 245 1580 oratio:
267 1543 289 1579 et
302 1538 409 1579 Ιιοιιιτίιιιιιι
423 1553 446 1579 se
460 1538 553 1579 similem
568 1537 677 1579 redderet.
709 1538 769 1591 Quod

54 1612 132 1669 scripsit
146 1619 227 1662 auctor,
242 1619 265 1653 ut
279 1611 372 1663 doceret,
385 1626 500 1662 cunrsrun,
519 1626 644 1668 quamquam
659 1612 769 1669 imaginem

53 1688 92 1729 Dei
111 1688 197 1729 referret
213 1687 292 1744 Deique
308 1687 369 1729 Filius
390 1695 451 1739 esset,
473 1702 493 1729 se
506 1686 614 1728 hominum
626 1694 694 1729 tamen
707 1688 770 1730 instar

54 1762 154 1806 mandatis
166 1762 208 1805 eius
223 1762 338 1806 subiecisse.
361 1763 430 1820 Atque
442 1762 471 1806 ita
482 1760 533 1804 haee
542 1762 631 1805 formula
643 1762 770 1819 praeceden-

55 1847 108 1891 tem,
124 1839 167 1881 eius
180 1837 312 1880 illustrandae
327 1852 399 1889 causa,
419 1844 532 1894 opportune
546 1838 644 1895 sequitur.
674 1838 770 1879 Alienum

56 1930 103 1957 vero
118 1915 146 1957 ab
163 1913 263 1956 hocloco
281 1922 321 1965 est,
337 1913 393 1970 quod
407 1927 578 1964 unnmosmnus,
593 1927 770 1955 rnuornrniorus

56 1989 132 2044 aliique
150 2003 234 2030 enotuit
248 1988 398 2045 significantem
411 1990 499 2039 faciunt,
520 1983 551 2032 <iri
569 1988 606 2031 οὐκ
620 1984 646 2046 ἦν
658 1987 718 2048 ψιλὸς
735 1983 772 2031 ilv-

57 2067 145 2120 θμωτιος.
171 2063 214 2105 Nee
226 2063 290 2120 magis
303 2065 399 2121 congruit
414 2063 514 2106 sententia
526 2064 683 2114 nonnullorum,
697 2064 771 2120 quilius

58 2137 161 2180 calculum
177 2136 251 2179 adiecit
264 2153 364 2190 suerrus,
377 2140 497 2195 Apostolum
512 2138 563 2181 liaeo
576 2140 689 2190 monuisse,
705 2147 728 2181 ut
740 2140 771 2181 in-

58 2212 145 2263 dicaret,
165 2226 271 2255 onnisrun
289 2222 383 2257 naturam
395 2229 437 2256 non
453 2214 567 2257 assumsisse
580 2213 671 2256 humana
682 2214 772 2270 superio-

58 2303 109 2331 rem.
139 2286 180 2330 set
199 2288 315 2345 longissime
334 2289 464 2340 aberrarunt,
487 2296 587 2345 quotquot
603 2288 669 2331 veihis
685 2291 773 2332 auctoris

59 2356 116 2407 abusi
129 2370 176 2406 sunt
190 2361 216 2406 ad
231 2365 308 2408 somnia
322 2364 454 2408 Boeotorum
469 2364 637 2408 commendanda.

88 2440 144 2482 Haeo
164 2440 190 2482 te
210 2439 298 2490 ratione,
311 2455 373 2498 quum
386 2441 432 2483 iniit
444 2454 555 2491 canimus,
569 2456 617 2483 oum
629 2438 737 2483 hominum
750 2442 771 2482 iu
807 2438 808 2441 '

60 2516 129 2559 lucem
148 2517 233 2561 veniret.
263 2518 323 2559 Nune
338 2516 411 2559 dooere
426 2516 494 2575 pergit
508 2531 594 2568 inuios,
608 2516 711 2574 quomodo
728 2532 772 2559 eam

60 2591 85 2633 ad
97 2600 184 2634 mortem
198 2607 264 2649 usque
277 2600 394 2649 persecutus
407 2593 437 2635 sit.
469 2591 561 2635 Primum
576 2592 639 2650 igitur
651 2593 686 2634 ille
699 2592 773 2634 [lioitur

60 2664 149 2724 σχήματι
162 2667 249 2724 εὑρεθεὶς
259 2670 286 2720 ιὸς
299 2665 412 2725 ἄνθ-ρωπος.
441 2669 510 2722 Quae,
523 2669 604 2725 egregie
616 2668 724 2718 falluntur,
737 2668 773 2722 qui
