1650 2790
356 44 472 72 turnorrus
746 29 771 68 21

60 159 81 203 ii
95 156 157 213 οὲρμα
169 157 205 212 τῆς
220 150 304 205 (λύσεως,
319 154 335 193 si
351 153 376 194 dc
387 154 521 211 profectione
536 154 581 194 eins
597 154 620 192 in
634 150 772 209 Hispaniam

59 232 124 287 accipi
143 231 216 280 dehet,
236 227 352 270 mirandum
373 236 414 279 est,
436 243 474 270 nec
493 243 603 278 ensuerunt,
625 222 693 284 neque
709 227 772 268 alium

59 305 159 349 Ecclesiae
171 305 251 346 Patrem
266 302 317 344 illud
332 317 437 358 usurpasse
453 303 478 345 ad
491 304 529 345 iter
541 305 563 344 in
573 302 709 361 Hispaniam
717 302 771 357 Apo-

60 382 110 424 stolo
129 378 280 423 vindicandum.
310 381 337 420 At
354 377 403 421 huic
420 378 581 433 interpretationi
602 379 719 433 sequentia:
739 378 772 419 nal

59 454 187 513 μαρτυρήσας
201 456 235 498 ἐπὶ
247 458 288 498 τῶν
300 454 428 511 ἡγουμένων,
444 450 508 503 οὕτως
522 449 627 507 ἀπηλλάγη
645 458 680 494 τοῦ
697 451 772 507 κόσμον

61 531 142 573 omnino
159 531 247 580 obstant,
268 531 343 585 quippe
356 515 409 584 quae
424 543 471 569 cum
486 526 655 583 praecedentibus
671 528 698 569 ita
715 543 772 570 com—

59 607 123 662 posita
138 614 194 656 sunt,
209 614 242 655 ut,
263 605 299 660 qui
309 604 467 661 profectionem
481 605 504 644 in
518 601 655 660 Hispaniam
669 603 692 643 iis
708 603 773 659 signi-

60 681 115 724 ficari
133 681 246 729 contendit,
268 679 335 720 dicere
356 678 415 720 etiam
435 685 532 734 cogatur,
554 676 610 732 quod
625 691 685 719 nemo
702 676 773 718 dixerit

59 757 185 812 intelligens,
208 758 231 796 in
253 753 369 812 Hispania
383 753 512 811 Apostolum
530 755 621 794 occisam
637 767 689 794 esse.
719 754 773 802 Nec,

60 834 75 873 si
97 831 142 886 quis
161 838 231 872 contra
249 829 351 884 disputare
366 829 420 879 vult,
436 828 526 869 multum
540 826 634 883 praesidii
646 827 702 870 dabit
718 843 773 870 con-

59 908 146 956 iectura,
163 905 298 960 appellatione
313 908 353 948 τῶν
365 903 482 960 ἡγουμένων
496 911 573 945 notatos
589 919 631 945 esse
646 919 773 946 rrounnnrun

61 989 81 1022 et
95 995 195 1031 SABINUM,
212 981 247 1036 qui
263 980 335 1021 ultimo
351 994 438 1021 sonorus
452 995 505 1021 anno
517 980 614 1035 praefecti
629 980 773 1035 praetoriosu-

59 1058 129 1097 issent:
145 1055 200 1112 quod
215 1063 234 1096 et
250 1055 284 1096 alii
295 1054 350 1096 haud
366 1055 408 1096 sine
425 1069 484 1097 eausa
498 1061 609 1111 negarunt,
627 1063 647 1097 et
654 1056 773 1110 nuperrime

61 1145 164 1182 suarum,
181 1131 293 1188 generatim
307 1137 386 1172 tantum
401 1132 499 1172 civitatis
513 1129 602 1186 intelligi
616 1144 674 1185 posse
687 1145 773 1172 monens

59 1208 204 1265 magistratus
230 1203 267 1263 (l).
304 1206 389 1247 Gravius
411 1220 458 1246 vero
478 1212 517 1255 est,
537 1203 592 1260 quod
612 1220 773 1247 controniano

60 1282 194 1323 communiter
207 1289 282 1337 urgent
299 1296 378 1331 omnes,
393 1297 404 1322 a
420 1281 519 1337 loquendi
533 1296 571 1322 usu
579 1296 662 1336 prorsus
670 1281 772 1330 recedere,

59 1357 94 1413 qui
113 1357 222 1398 formulam
245 1355 268 1398 id
286 1363 349 1412 τέρμα
367 1358 404 1411 τῆς
423 1353 507 1407 duneng,
528 1355 553 1397 de
573 1355 644 1398 Roma
661 1365 739 1407 sumat,
762 1373 772 1398 a

59 1434 149 1474 termino
167 1430 289 1473 Occidentis
305 1430 366 1486 longe
382 1437 465 1470 remota.
496 1430 521 1470 llt
537 1430 636 1472 nescirem
651 1447 708 1482 sane,
723 1431 772 1487 quid

59 1506 222 1562 respondendum
235 1513 295 1556 esset,
311 1505 350 1547 nisi
364 1503 425 1545 huius
440 1505 540 1547 formulae
555 1505 709 1560 explicationem
722 1521 772 1562 pen-

59 1582 106 1622 dere
126 1580 216 1622 riderem
238 1596 250 1622 a
271 1579 450 1635 praecedentibus,
474 1579 597 1634 quibuscum
612 1581 647 1623 illa
663 1582 774 1624 arctissime

59 1656 158 1698 cohaeret.
191 1657 251 1698 Nunc
273 1670 320 1696 vero
340 1655 462 1705 Auctorem,
486 1662 594 1711 postquam
616 1657 724 1712 scripsisset
748 1658 773 1699 de

58 1747 133 1773 eluro:
145 1747 229 1790 praeco
237 1732 315 1786 jactas
325 1731 349 1769 in
361 1726 450 1770 Oriente
464 1735 530 1786 atqne
540 1728 656 1773 Occidente
668 1734 772 1775 eximiam

52 1807 111 1862 'fidei
124 1821 176 1849 snae
191 1808 274 1864 incaepit
280 1806 388 1863 gloriam,
403 1806 482 1861 qnippe
494 1805 533 1862 qni
541 1804 637 1849 homines
646 1809 773 1865 qualescan—

57 1898 97 1940 (γαρ
120 1881 149 1940 (2)
173 1882 302 1940 probitatem
324 1879 438 1935 incinerat,
457 1878 487 1921 his
509 1880 684 1933 rerhis‚tratione
700 1899 771 1926 eorum

59 2040 102 2077 piru,
118 2037 234 2080 δνκανοοῦνην
249 2038 325 2074 διδάξας
338 2036 378 2068 ὅλον
396 2035 428 2067 τὸν
443 2035 516 2074 κόσμον,
532 2031 570 2079 n[al
584 2033 622 2081 ἐπὶ]
635 2038 656 2068 τὸ
670 2038 728 2080 τέρμα
741 2042 772 2081 ’τῆς

59 2094 127 2133 etiarm·
139 2097 208 2140 ἐλθὼν,
223 2100 254 2131 nal
267 2099 383 2142 μαρτυρήσας
396 2097 426 2128 ἐπὶ
440 2097 597 2139 νώνὴγοομὲναν,
613 2099 668 2136 οὕτως
676 2100 772 2143 ἀπηλλάγη

59 2161 91 2190 νοῦ
104 2159 176 2201 κόσμου,
199 2162 252 2192 Totum
264 2147 356 2197 orationem,
368 2165 386 2191 ut
398 2159 447 2190 cuivis
459 2159 502 2201 copia
514 2158 595 2191 iudicandi
606 2167 657 2203 essct7
669 2160 748 2204 descripsi.

81 2221 107 2265 (1)
121 2224 180 2255 Gesch.
192 2223 207 2255 d.
219 2222 287 2262 Pflanz.
300 2223 335 2253 und
348 2223 390 2253 Leit.
405 2222 433 2252 der·
447 2219 510 2252 Christ.
525 2222 587 2253 Kirelrc
599 2222 651 2254 durch
664 2224 771 2265 dioApostet.

57 2285 99 2315 ron.
111 2285 124 2316 r.
135 2295 151 2328 p.
164 2286 204 2317 soc.
720 2271 723 2274 ’

81 2344 104 2389 (2)
118 2347 190 2379 Formula
210 2347 251 2380 ὅλον
269 2349 301 2380 τὸν
322 2348 395 2389 κόσμον,
414 2358 452 2390 quac
464 2346 570 2389 superioribus
584 2344 603 2377 ἓν
618 2360 638 2378 τε
656 2351 679 2389 τῇ
692 2347 773 2391 ἁνιιιολῇ
788 2336 790 2340 ‚

60 2408 90 2439 καὶ
102 2409 120 2439 ἐν
132 2407 168 2453 (τῇ)
183 2409 235 2443 tlon
246 2408 338 2452 respondet,
351 2410 384 2440 sine
396 2407 443 2440 dubio
455 2407 556 2451 Hyperbolcn
568 2409 645 2449 cauma,
659 2408 699 2439 nihil
707 2410 772 2452 amplius·

57 2471 170 2512 significantem
180 2484 226 2515 quani
238 2473 294 2503 varios
305 2473 389 2503 onrinnmz
401 2472 486 2513 rag-ionum
499 2471 580 2509 lzornincs,
592 2469 628 2509 rel,
640 2470 653 2500 si
664 2471 699 2513 quis
707 2472 772 2513 niavult,

59 2533 106 2574 longe
120 2532 193 2576 lataque,
207 2534 231 2565 uti
243 2536 289 2565 Rom
302 2534 322 2565 1:
336 2535 353 2565 8.
377 2532 433 2565 Eodem
445 2543 489 2564 sensu
502 2540 557 2562 elutus
568 2530 587 2562 ab
600 2532 694 2574 Intus-preto*
704 2541 774 2565 onosma

59 2595 75 2623 in
88 2594 127 2625 Gen.
145 2595 191 2626 Hom,
204 2596 253 2627 XIII.
266 2596 308 2627 Toni.
321 2596 334 2626 Ι.
347 2606 363 2637 p.
376 2596 398 2627 95
408 2604 482 2627 nentrum
494 2596 512 2627 ia
527 2595 577 2626 totins
591 2594 635 2626 ortt:
648 2600 700 2628 terrae
713 2597 774 2629 lacten

59 2656 96 2687 cline
110 2657 196 2689 Ecclesiam
211 2659 298 2690 collocasse
311 2656 373 2689 dieitur.
