1650 2790
274 65 318 94 ear,
334 53 369 94 lli.
387 66 441 95 vans.
459 55 492 94 tl.
698 56 740 95 245

30 165 119 239 spirans
138 174 169 216 od
187 174 239 216 irrurd
257 175 318 230 longe
337 174 449 218 discesseris
467 192 478 218 a
496 175 641 232 significatione
661 178 742 231 propria

30 271 52 297 sc
72 250 187 294 extendeus
208 250 244 292 od.
261 249 296 292 eff.
316 264 405 293 GROTIUS
421 259 440 292 ct
455 267 594 295 wnrsrnnius
626 252 742 306 Utrumque

30 330 54 371 ad
70 326 155 369 earidem
170 332 231 381 atque
244 324 338 368 adiuncta
353 323 378 369 td
397 326 435 380 μὲν
450 324 513 369 ὀπίσω
528 335 548 368 et
568 331 609 376 τοῖς
627 326 651 368 δὲ
667 324 743 382 ἔμπρο-

30 408 78 446 aaa
103 401 192 458 pertinet
211 402 331 458 imaginem,
357 416 368 443 a
391 415 473 443 cursore
498 401 592 455 petitam,
615 401 660 456 qui,
684 400 741 457 spatii

30 476 104 519 emensi
126 476 204 518 nullam
225 476 323 518 rationem
342 474 428 525 liabens,
447 489 531 530 corpore
550 482 630 516 tantum
647 483 741 532 porrecto

30 559 104 594 metam
125 552 225 608 attingere
243 558 333 593 conatur.
372 549 517 603 Quidxautem
535 549 572 591 sibi
589 549 651 591 uelint
668 551 740 593 rerba:

29 642 83 685 qttoe
98 643 112 668 α
126 632 188 684 tergo
202 631 262 677 sitiri,
279 625 380 666 oblivioni
390 624 474 681 quidem
492 624 594 674 tradens,
611 624 651 666 sed
665 626 744 683 adspi-

29 718 84 745 rans
102 702 134 744 ad
152 716 188 754 ea,
206 714 287 757 procrea
297 699 375 758 fronte
390 705 448 749 surii,
462 699 483 740 in
501 699 667 755 disceptationem
682 714 743 742 roca*

31 786 73 819 tum
88 784 123 821 est.
154 776 194 818 Alii
206 788 283 829 nempe
293 773 347 815 hona
361 774 455 816 eoelestia
465 774 621 826 aterrestribus,
635 774 669 816 alii
681 775 741 816 vitam

29 852 85 893 noris
97 845 207 892 uirtutibus
222 855 313 891 ornatam
327 848 388 892 auita
398 847 486 904 pristinis
499 849 551 889 vitiis
565 849 681 905 inquinata,
689 848 743 892 haud

28 927 89 982 pauci
106 926 163 967 lucra
183 923 350 969 Christianismi
364 923 452 965 alueris
467 922 633 965 Phorisocismz'
647 923 745 981 distingui

30 1000 184 1043 contenderunt.
216 998 255 1040 Sed
273 997 324 1041 haee
343 998 454 1047 sententia,
475 1013 524 1039 cum
540 1006 644 1040 auctorem
661 999 746 1042 inducat

29 1074 168 1131 nequidquam
181 1081 316 1129 repetentem,
335 1087 388 1129 quae
402 1087 429 1115 rs.
445 1075 458 1115 8
474 1072 514 1114 iarn
526 1074 591 1114 multo
608 1076 744 1130 graririsscri-

28 1152 78 1209 psit,
94 1165 136 1192 non
150 1157 237 1205 praestat
249 1149 342 1191 alterutri
355 1148 448 1198 illarum,
464 1162 550 1205 quarum
561 1149 652 1204 patroni,
667 1151 699 1191 sel
710 1165 744 1190 to-

30 1226 107 1270 cabulis
124 1224 207 1267 Graecis
228 1223 315 1265 alienam
333 1222 435 1280 affingunt
449 1223 565 1274 notionem,
578 1224 611 1265 rel
624 1224 744 1279 Apostolum

30 1308 122 1352 sumunt,
138 1304 248 1357 antequam
262 1301 345 1342 c'nnrsri
360 1297 418 1339 fieret
430 1305 524 1349 sectator,
538 1297 643 1340 hominem
657 1312 744 1354 prauum

30 1376 96 1418 luisse.
132 1376 157 1417 Et
184 1374 229 1416 iure
252 1374 367 1430 meritoque
387 1387 536 1415 insinuamus
564 1382 583 1415 et
606 1388 743 1415 narsarssrus

30 1450 101 1491 seriem
127 1449 220 1491 orationis
243 1448 321 1490 turbari
342 1456 438 1498 monent,
460 1448 499 1489 nisi
519 1448 610 1490 alterum
633 1456 744 1504 exponatur

30 1539 66 1566 res
86 1541 101 1566 a
123 1538 190 1575 ranno
209 1525 255 1565 iam
268 1523 318 1565 bene
332 1528 449 1580 peractoc,
465 1524 552 1564 alterum
568 1538 604 1564 res
618 1525 645 1565 ol>
662 1538 686 1565 eo
704 1525 743 1566 ad-

30 1600 69 1641 hue
83 1598 239 1657 peragendae:
261 1613 314 1655 quae
328 1606 348 1639 et
366 1597 505 1653 interpretatio
524 1606 652 1648 enorrrest,
675 1613 743 1660 cnar-

30 1688 138 1716 sosrouun
151 1675 242 1730 aliosque
255 1675 323 1716 Patres
334 1673 446 1724 Ecclesiae,
460 1674 521 1715 etiam
529 1673 676 1731 interpretem
684 1689 742 1716 cern.

29 1750 98 1791 secuti
129 1750 201 1805 Neque
214 1748 241 1799 ei
262 1748 326 1790 obstat
346 1762 457 1796 concursus
477 1748 590 1805 Singularis
609 1755 629 1790 ct
646 1748 742 1799 Pluralis,

30 1824 106 1880 quippe
125 1838 166 1879 quo
187 1830 207 1864 et
226 1837 292 1864 unum
306 1822 368 1873 illud,
386 1823 441 1878 quod
457 1838 493 1864 vss
510 1825 547 1873 12,
564 1825 590 1865 13
605 1823 743 1878 appetendum

30 1898 115 1948 dieitur,
139 1890 165 1938 et
178 1898 269 1955 singulae
288 1904 355 1953 partes
374 1912 398 1939 eo
415 1897 514 1940 ducturae
533 1897 743 1954 comprehenduntur.

29 1975 82 2030 Ergo
101 1974 190 2030 Apostoli
209 1989 265 2016 mens
282 1972 333 2016 haec
352 1988 393 2015 esse
412 1974 502 2015 videtur:
534 1973 580 2016 Sed
599 1990 664 2016 urtam
679 1976 742 2017 illam

28 2050 192 2106 perfectionem,
209 2064 256 2092 eom
276 2050 377 2091 oblivioni
397 2049 487 2091 tradens
503 2051 612 2108 quidquid
631 2054 677 2092 iona
694 2053 743 2094 deae

26 2127 144 2181 praestiti,
161 2131 203 2166 term
215 2139 265 2166 cero
280 2124 311 2166 od
324 2138 360 2176 eo,
376 2138 432 2181 quoe
446 2124 518 2166 oddae
528 2127 670 2183 praestanda
681 2133 741 2180 stitit,

30 2198 160 2257 adeptione,
171 2199 315 2258 persequor(
332 2196 347 2255 )
377 2199 485 2240 Interiectu
505 2206 574 2241 alitem
593 2201 644 2244 aurci
657 2199 741 2254 ouandi,

9 2370 10 2375 ,
53 2348 78 2393 (l)
90 2351 154 2384 Etiamsi
166 2354 201 2396 quis
212 2351 311 2396 probaverit,
325 2354 374 2384 minus
386 2358 427 2383 recte
439 2363 454 2382 se
467 2350 523 2383 trabere
535 2358 627 2384 structuram
640 2350 659 2384 ’ἐν
669 2350 689 2384 di
699 2351 742 2384 droi-

32 2422 54 2442 κω
72 2423 81 2442 u
97 2410 142 2443 nobis
153 2415 256 2456 propositam,
271 2412 297 2458 sed
310 2415 394 2445 orationem
405 2411 506 2455 supplendam
519 2424 551 2444 esse
562 2412 614 2445 Verbo
626 2414 670 2446 itata
683 2413 708 2445 vel
722 2416 745 2446 si-

31 2470 72 2512 mili,
91 2483 110 2503 ne
122 2474 144 2504 sie
156 2473 219 2516 quidem
230 2474 281 2517 cadit,
297 2473 339 2518 quod
351 2474 369 2505 de
380 2474 442 2505 notione
455 2474 509 2505 Actius
522 2473 569 2505 Verbi
586 2474 643 2507 diuino
654 2475 743 2519 disputari-

31 2525 72 2563 nius.
95 2533 128 2563 Hoc
140 2535 249 2577 enimposito,
270 2535 349 2578 cogitando
362 2534 465 2567 adiiciendum
477 2536 492 2567 ei
504 2535 579 2566 estidem
591 2537 743 2579 Pronomcnr'tiud,

32 2591 72 2635 quod
85 2592 171 2625 desiderant
183 2598 261 2638 superiora
275 2597 352 2640 tiriaus,
365 2597 432 2637 trono,
447 2597 556 2640 καταλάβω,
573 2599 710 2643 κατειληφέναι,
727 2607 744 2631 ut

32 2652 72 2684 ‘listi
85 2662 148 2685 rietus:
162 2656 195 2689 Sed
207 2669 257 2690 truitae
269 2659 325 2702 focio,
339 2661 419 2693 obliuioni
431 2661 497 2694 treton
509 2661 591 2704 quidquid
601 2663 636 2695 iam
649 2664 686 2695 tear
697 2673 745 2706 [irtio⁴
