1650 2790
277 76 320 103 our.
337 62 352 102 l.
369 76 424 102 'Vnus
440 63 477 111 lo,
495 63 528 102 20.
731 65 758 103 85

50 194 101 231 locos
121 193 198 226 tarnum
218 181 300 232 cadere,
322 182 358 223 uni
378 184 478 227 Particula
497 184 540 236 καί,
555 183 595 225 duo
607 183 661 225 inter
676 183 759 225 uomina

48 262 121 320 posita,
144 258 264 315 explicanda
282 258 307 299 sit
322 263 343 321 et
358 258 458 315 qnidem,
479 268 498 301 et
516 259 541 301 ah
556 258 656 301 hocloco
672 258 759 300 alienam

48 352 89 379 esse
111 334 203 377 ostendit.
234 331 293 375 Haud
308 331 369 374 dubie
385 333 425 375 duo
440 334 498 376 nobis
514 342 656 389 proponuntur
671 334 759 383 diversa,

48 412 82 454 scd
97 427 150 453 nexu
166 419 234 452 tanrcn
251 409 279 451 ita
294 409 412 460 coniuncta,
432 417 456 450 ut
469 410 556 451 alterum
572 424 597 449 ex
610 410 673 452 altero
687 424 759 467 sequa-

49 498 86 529 tur.
117 487 276 532 Nexumillum
293 501 318 527 ex
335 485 427 527 Artionlo
440 489 487 540 τῆς,
502 498 543 539 qno
558 491 670 540 utrumque
684 500 760 527 nomen

48 546 238 618 comprehenditur,
260 570 280 603 et
298 576 322 602 er
338 560 400 615 ipsius
417 559 447 599 rei
458 558 592 614 intelligimus
605 566 677 602 natura
696 568 715 602 et
728 560 760 601 in—

49 638 94 679 dole
112 635 150 695 (1)
179 637 252 679 Dicere
265 635 309 677 vult
322 640 393 675 auctor
404 647 449 690 per
463 634 623 690 precationem,
640 649 707 691 ριιιιννι
723 650 760 676 eos

42 716 122 772 facere
136 714 227 770 coepitio,
242 719 263 753 et
277 724 336 768 opem
351 707 451 767 Spiritus
464 706 554 759 Sancti,
572 710 673 766 praeced
682 725 761 769 preces

49 796 133 832 nestros
145 790 202 830 ’ννιίίιί
213 781 362 845 proedebz'tnr.
393 783 572 836 Quemadmodum
585 785 648 841 igitur
660 786 719 837 alibi,
733 786 763 827 uti

50 869 62 906 2
85 864 134 908 Cor.
151 864 173 904 I:
191 865 224 904 11.
246 861 317 903 Heln.
335 860 396 901 Xlll:
415 861 452 910 18,
468 861 506 909 19,
522 858 659 914 deprecationi
674 862 762 903 multum

51 938 154 990 tribuitur-3
177 937 205 980 sic
227 937 266 979 hoc
287 937 333 977 loco
352 950 427 977 munus
445 949 564 990 persuasum
578 936 617 978 sihi
633 952 674 978 esse
690 938 727 988 ait,
743 953 763 979 se

50 1000 225 1071 Philippensium
236 1010 331 1067 precibus
344 1018 363 1051 et
378 1025 416 1066 ope
431 1011 517 1065 Spiritus
532 1011 601 1053 Sancti
617 1011 657 1055 hoe
667 1013 763 1069 impetra-

50 1098 130 1139 turum,
146 1096 169 1129 ut
184 1102 267 1130 eunrsrr
281 1101 362 1128 causam
375 1086 453 1127 assidue
467 1100 527 1143 agere
540 1094 618 1143 pergat.
651 1088 691 1129 Sed
705 1088 763 1139 illud,

50 1164 105 1221 quod
117 1165 197 1205 tenuius
212 1172 251 1214 est,
269 1163 355 1220 graviori
368 1162 494 1218 praeposuit,
511 1162 570 1202 sicuti
583 1160 626 1203 Tn.
640 1163 680 1204 Ill:
695 1167 719 1215 5,
729 1164 764 1205 uni

51 1254 140 1289 eorunm,
155 1240 223 1280 multis
238 1239 259 1280 in
274 1238 406 1288 editionibus,
422 1251 555 1279 onmsuncnu
568 1237 639 1288 etiarn,
650 1253 765 1289 inuruntur,

51 1329 138 1364 turnus,
160 1329 263 1364 senonzn,
279 1328 413 1363 eonsennnrr,
427 1313 555 1371 interpreces
574 1315 719 1368 παλιγγενεσίας
732 1316 765 1357 καὶ

50 1386 198 1440 ἀνακαινώσεως
217 1404 282 1445 neque
298 1395 359 1444 atque
378 1387 413 1428 hle
427 1387 480 1428 inter
494 1383 579 1442 δεήσεως
592 1388 625 1429 καὶ
639 1388 766 1446 ἐπιχορηγίας

50 1464 190 1514 interiectum,
207 1471 261 1505 recte
276 1462 356 1505 sustulit
370 1477 513 1504 nnnnornunns.

78 1539 138 1579 Nunc
152 1553 228 1580 rnunns
243 1538 344 1594 explicare
358 1537 439 1593 incipit,
456 1552 519 1594 qnare
533 1536 709 1596 Philippensium
716 1554 763 1595 pre-

4 1637 5 1640 =
50 1612 107 1653 nibus
123 1620 142 1653 et
158 1628 196 1668 ope
209 1613 294 1668 Spiritus
309 1613 378 1654 Sancti
390 1612 485 1656 ellectum
498 1612 525 1653 iri
539 1612 637 1664 confidat,
653 1622 677 1655 nt
691 1615 765 1671 qualis-

51 1702 132 1743 cunque
145 1702 228 1729 ounrsrr
242 1687 373 1730 annunciatio
386 1688 424 1730 sihi
440 1688 541 1730 conducat
551 1687 577 1730 ad
589 1688 681 1731 salutem.
704 1688 770 1733 Korn*

50 1761 87 1817 τήν
100 1762 270 1820 ἀποκαραδοκίαν,
286 1763 324 1813 ait,
340 1764 373 1805 καὶ
384 1763 457 1807 ἐλπίδα
470 1780 523 1817 γιον,
535 1762 572 1804 ubi
583 1778 630 1805 caue
647 1765 722 1816 credas,
730 1773 766 1807 aut

51 1835 186 1893 Hendindpn
198 1853 314 1889 recurrere,
331 1845 365 1880 aut
379 1853 451 1879 rocem
464 1838 577 1895 grauiorem
591 1839 648 1880 alteri
660 1841 765 1896 praeposi-

51 1920 92 1952 tam
105 1927 152 1954 esse.
183 1913 300 1956 Hnsrenrns
311 1913 474 1968 ἀποκαραδοκίαν
485 1913 629 1968 interpretatur
640 1915 764 1972 προσδοκίαν,
808 1919 810 1923 “

51 1984 173 2043 α’πεκδοχήν,
191 1995 272 2030 etcum
288 2004 311 2030 eo
329 1988 458 2030 consentiunt
474 1988 578 2044 plerique,
595 1989 656 2031 etiam
668 1990 713 2033 Viri
724 1989 767 2031 Do-

51 2061 145 2112 ctissinri,
164 2062 193 2104 ita
207 2070 287 2114 tamen,
303 2071 326 2105 ut
345 2064 379 2105 alii
396 2062 549 2118 exspectationis
567 2064 719 2106 vehementiam
741 2065 766 2106 si-

51 2135 95 2176 mul
114 2138 219 2180 enunciari
236 2139 310 2189 velint,
328 2137 540 2189 alii,utinnunsr1us
556 2137 586 2196 (2)
602 2147 622 2180 et
635 2155 704 2182 nonus
722 2138 766 2198 (3),

51 2224 92 2251 non
107 2211 162 2254 item,
193 2212 266 2256 Contra
280 2228 328 2255 vero
340 2228 441 2263 nnitsuns,
457 2212 490 2254 cui
502 2214 597 2255 nonnulli
611 2213 765 2270 adstipulantur,

52 2298 93 2324 non
106 2290 286 2344 exspectationem
298 2303 310 2330 a
323 2303 389 2330 nunno
402 2287 443 2331 dici
456 2294 536 2337 monet,
552 2287 586 2329 sed
597 2289 708 2331 venemens
716 2304 766 2331 cor-

52 2357 87 2399 dis
101 2360 240 2404 desidem'nm.
271 2364 296 2405 Et
309 2378 356 2405 sane
370 2363 423 2406 lianc
436 2367 540 2408 notionem
553 2367 598 2409 roei
617 2367 771 2423 α’ποκαραδοκια
799 2362 802 2366 ’

52 2434 132 2490 egregie
151 2439 259 2481 conuenire
271 2445 337 2495 patet,
351 2439 367 2480 si
380 2455 425 2482 eam
438 2442 463 2483 alr
476 2441 608 2492 animalibus,
620 2456 672 2497 quac
686 2441 708 2483 in
721 2456 769 2484 rem.

75 2543 98 2587 (ί)
111 2546 291 2583 onninamente.
305 2552 317 2583 l.
330 2559 346 2583 et
357 2560 417 2584 unane,
426 2564 442 2595 p.
457 2554 499 2592 teo,
512 2554 551 2584 121.

74 2605 99 2649 (2)
111 2607 167 2639 Instat.
181 2610 213 2643 Int¹
227 2613 249 2643 N.
264 2615 282 2644 Τ.
295 2624 311 2655 p.
323 2615 362 2645 119.
375 2613 402 2645 Ed.
416 2615 431 2644 4.

75 2667 98 2711 (3)
110 2671 189 2701 Acronum
202 2683 251 2716 snpm·
263 2675 318 2705 liunt.
331 2676 353 2706 Ν,
368 2677 386 2707 T.
397 2675 432 2707 vol.
445 2677 457 2708 l.
471 2688 485 2718 γ.
499 2677 537 2707 2327.
