1650 2790
297 38 341 66 car.
358 24 384 66 lli
401 39 458 66 urus.
477 27 511 67 15,
722 27 762 67 179

47 171 59 196 a
73 150 160 194 formula
174 148 263 207 ἐνμέσῳ
276 150 308 189 νοΙ
321 149 388 190 simili.
419 150 472 206 Ergo
488 150 549 191 rerba
563 149 625 204 μέσον
639 150 705 203 γενεᾶς
715 162 762 190 σκο-

47 231 91 278 λιᾶς
103 227 137 270 καὶ
150 223 306 282 διεστραμμένης
319 223 417 266 vertendo
432 224 536 267 reddimus
551 240 599 269 curn
611 238 702 271 sronnro
717 238 762 265 rne-

48 304 87 347 din
101 303 125 343 in
136 303 244 360 progenie
254 302 392 358 effractnnio
408 308 429 344 et
437 317 553 359 perversa.
573 303 625 344 Num
637 316 688 344 voce
699 299 763 355 μέσον

48 378 204 435 Philippenses
219 374 254 417 bic
267 375 308 419 dici
323 377 416 435 nandique
430 377 456 418 ab
470 377 505 426 illa
520 375 619 432 progenie
637 375 763 418 circumdo-

48 461 91 505 σος,
112 460 136 493 ut
154 452 245 508 paucitas
267 467 315 495 curn
334 452 467 494 multitudine
489 458 630 507 comparetur,
651 451 764 493 rectissime

48 544 149 572 caminus
161 528 237 585 aliique
251 529 375 584 interpretes
389 527 485 569 viderunt
498 523 537 583 (1)
568 525 712 568 Praecedentia
727 542 764 569 au-

48 598 99 647 tem¹
108 603 166 647 τὲννα
179 606 232 647 (broi
244 603 347 658 α’μώμητο
367 617 379 644 ο
393 617 414 643 se
429 601 519 643 invicem
533 616 575 643 non
590 601 702 657 separanda
717 603 764 650 Sunt

49 696 98 723 cum
112 694 219 730 nurnero,
237 678 273 719 sed
292 677 420 719 coniunctim
435 676 574 719 enuncianda:
591 691 640 718 nam
654 676 670 717 si
684 691 765 719 comma

49 756 114 798 verbis
126 756 166 797 illis
180 753 328 809 interponitur,
345 752 387 794 rim
401 766 458 794 suam
474 751 548 794 amittit
560 751 678 807 Appositio,
696 758 715 793 et
723 753 766 793 bn-

49 822 191 872 tithcsisilere
211 829 271 885 perit.
303 829 361 881 Quae
381 843 430 870 cum
444 828 473 870 ita
490 827 542 878 sint,
562 842 645 869 rausum
657 827 698 879 ¹sibi
714 827 767 868 velle

50 913 108 961 puto:
127 905 166 962 [nt]
176 905 229 960 filii
241 904 286 947 Dei
304 903 425 962 [existetis]
443 920 458 945 a
472 904 559 946 monitio
572 905 646 954 nnnc,
660 918 714 961 qnos
728 918 767 945 nn-

51 982 117 1039 diqne
138 979 279 1022 circumdant
298 980 413 1038 ospitales,
433 980 622 1037 superstitionibus
637 979 768 1037 etflngitiis

51 1057 176 1099 servientes.

80 1129 115 1173 Ἐν
127 1126 165 1182 οἷς,
179 1130 258 1186 inquit,
275 1130 372 1186 φαίνεσθε
387 1131 414 1181 οἷς
427 1133 531 1186 φωστῆρες
545 1132 567 1173 ἒν
580 1127 655 1188 κόσμῳ.
682 1129 768 1171 Articu—

52 1207 96 1247 lum
111 1206 134 1246 in
148 1206 226 1247 Plurali
239 1205 350 1247 lllasculino
363 1205 453 1261 positum
468 1219 521 1255 csse,
530 1205 717 1260 quouianrNomiui
726 1205 769 1247 col-

77 1377 100 1423 [1]
112 1378 215 1417 Annrscunrs,
227 1378 306 1419 interpres
317 1377 397 1419 egregius,
411 1378 427 1408 in
435 1378 519 1419 Pnrnpln.
531 1382 548 1408 et
559 1382 616 1409 antron.
627 1379 646 1408 in
651 1379 685 1420 Ep.
692 1378 715 1409 nd
720 1380 771 1411 Ιιόὂν.

53 1440 94 1471 Fasc.
106 1440 119 1471 I.
131 1451 146 1482 p,
161 1439 203 1479 113,
216 1438 235 1470 ad
246 1446 348 1468 scutulatum
358 1450 443 1481 provocans
455 1445 515 1479 monet,
527 1440 544 1470 in
556 1440 618 1471 Graecis
629 1440 713 1481 peniteret
722 1442 771 1473 Grae-

54 1500 131 1533 ciensibus
148 1503 167 1534 ἔν
183 1502 238 1544 μέσον,
256 1501 294 1531 item
307 1501 334 1537 sle
346 1502 400 1541 μέσον
411 1507 428 1532 et
440 1501 473 1532 ἀνὰ
485 1502 539 1541 μέσον
550 1500 592 1532 idem
603 1501 664 1544 valere,
684 1501 725 1545 quod
737 1504 771 1534 Lat.

54 1564 84 1602 in,
102 1563 157 1604 opud,
174 1563 230 1602 inter,
246 1567 262 1591 et
274 1561 300 1592 vel
311 1561 397 1604 simplicem
409 1561 481 1605 denotare
493 1563 605 1605 praesentiam,
618 1562 644 1593 vel
656 1564 703 1594 etiam
715 1565 772 1606 exponi

55 1634 97 1666 posse
108 1635 136 1666 per
145 1625 213 1667 poloni,
230 1625 248 1655 in
258 1625 354 1666 propalati.
378 1622 471 1666 Plerumque
483 1624 517 1656 Viri
528 1623 574 1654 Docti
585 1623 601 1654 in
612 1623 702 1656 notionibus
716 1625 773 1668 acqui-

56 1693 109 1717 escunt
126 1688 194 1728 primum
209 1686 331 1717 commemoratis
346 1695 430 1728 earumque
447 1696 507 1716 eausam
519 1696 538 1716 ex
550 1683 655 1717 Hebraeorum
667 1697 708 1717 more
721 1686 773 1730 expli-

56 1754 97 1779 cant.
120 1747 150 1779 Sed
166 1747 204 1779 loeis
220 1747 293 1790 plurimis
308 1746 395 1778 literarum
410 1747 490 1778 Sacrorum
506 1746 578 1778 lustratis
589 1745 644 1779 dubito
656 1746 741 1790 equidem,
754 1759 774 1780 an

56 1805 145 1837 Hebraeum
156 1804 195 1855 'llll
211 1813 227 1837 et
242 1807 299 1838 Graeca
318 1807 381 1847 μέσον,
400 1806 419 1838 ἓν
435 1808 482 1851 μέσῳ
495 1813 525 1839 cet.
541 1816 608 1849 usquam
625 1805 670 1838 alind
686 1806 774 1846 denotent,

57 1882 104 1914 quam
124 1872 167 1912 qnod
186 1871 271 1909 abortiat,
290 1870 316 1902 vel
335 1872 405 1912 eminet,
424 1871 450 1903 rel
471 1872 590 1904 circumdatum
606 1884 633 1903 sen
648 1874 667 1903 in
681 1867 717 1905 luce
726 1875 776 1917 posi-

58 1937 92 1963 tum
106 1937 135 1963 est.
168 1931 233 1963 Dicendi
249 1939 302 1963 autem
317 1934 357 1963 ratio
372 1932 409 1964 inde
426 1932 511 1976 repetenda
526 1933 598 1974 videtur,
617 1933 659 1977 quod
676 1935 726 1977 prisci
744 1935 774 1966 ho-

59 1995 107 2025 mines
121 1993 138 2025 id
155 2004 200 2037 qnam
216 1994 284 2024 menime
299 2004 344 2035 agere
356 1993 437 2035 solebant,
449 2001 504 2026 utres
516 2001 592 2039 tanquam
604 1995 652 2027 oculis
663 1996 735 2029 facerent
747 1995 776 2028 ad-

58 2054 157 2097 spectabiles.
181 2055 233 2097 Atque
250 2054 280 2086 hoc
298 2066 333 2087 curn
350 2056 458 2088 Orientalibus
476 2055 588 2099 quodammodo
606 2068 686 2089 commune
700 2056 776 2090 habentes

59 2116 113 2148 Gracci
124 2116 178 2148 eadem
189 2117 228 2147 salis
240 2115 294 2148 erebro
306 2115 369 2148 dicendi
380 2119 440 2148 ratione
453 2119 477 2148 usi
491 2123 533 2157 sunt,
546 2119 623 2160 imprimis
635 2119 699 2159 Poitae‚
710 2119 748 2151 inde
756 2118 775 2150 ab

58 2185 129 2218 nourno,
145 2180 174 2222 qui
187 2179 245 2219 Odyss-
261 2179 284 2209 A.
297 2189 320 2209 vs.
333 2179 375 2217 412,
388 2180 422 2209 413
434 2179 482 2210 Deam
494 2180 571 2211 marinam
582 2179 601 2210 de
613 2189 674 2212 rnorso
687 2188 776 2213 narrantem

59 2238 134 2271 inducit:

127 2309 193 2354 Αὐτὰρ
205 2311 251 2354 ἐπὴν
262 2312 321 2347 πάσας
333 2310 409 2355 (φώκας)
422 2313 550 2351 πεμπάσσεται,
560 2311 595 2352 ἡδὲ
606 2313 684 2353 ἴδηται,

126 2370 206 2409 Λέξεταν
218 2374 237 2405 ἐν
250 2373 331 2419 μέσσῃσι,
343 2374 409 2415 νομοὺς
420 2374 442 2410 ὥς
453 2373 509 2408 πώεσι
521 2373 587 2416 μήλων.

61 2445 111 2486 H‘lffie
123 2448 187 2490 quidem
199 2449 241 2483 haud
253 2463 288 2484 raro
303 2453 338 2484 fieri
352 2454 397 2497 novi,
410 2460 428 2484 ut
441 2454 477 2496 quis
488 2452 562 2496 loquatur
576 2451 668 2491 demedio,
682 2449 743 2484 etiamsi
751 2455 777 2485 ni-

60 2507 85 2539 ln'l
97 2507 141 2540 aliud
153 2512 232 2552 significet
244 2525 292 2557 quam
303 2517 333 2556 in,
345 2517 401 2556 inter,
415 2516 471 2559 oprsd;
483 2514 510 2547 sed
521 2526 540 2546 ex
552 2515 604 2545 minus
615 2520 677 2546 attenta
688 2515 778 2548 Literarum

2 2596 7 2602 Α
60 2570 141 2603 Sacrarum
156 2571 223 2606 lectione
241 2575 299 2610 abusus
315 2576 397 2617 vocabuli,
417 2577 448 2609 nisi
461 2576 518 2617 fallor,
537 2577 598 2608 exstitit
612 2577 660 2619 inque
673 2579 777 2610 recentiorum

61 2633 155 2675 populorum
166 2646 243 2668 sermones
254 2639 323 2682 irrepsit.

627 2702 675 2741 12*
712 2740 714 2744 .
