1650 2790
243 33 287 61 rar.
302 19 337 63 lv.
354 35 410 62 vnis.
425 22 462 69 lo,
481 21 514 60 ll.
696 19 737 59 299

32 142 59 184 ris
73 141 158 200 quidem
172 142 194 183 in
209 149 278 184 mente
290 141 347 184 huno
360 142 420 183 fuisse
433 149 483 199 puto
503 154 590 183 nexum:
613 139 653 181 sed
666 142 742 181 missis

32 220 98 271 aliis,
119 232 174 275 quoe
192 218 296 260 dominnm
312 217 385 260 deceni
406 217 565 267 Christianum,
584 231 663 274 magno
680 214 740 273 affo-

31 300 80 335 otns
100 308 146 334 snm
158 293 254 351 gaudio,
271 294 331 351 qnod
342 295 405 351 copia
419 293 476 334 vodis
489 307 568 334 tonsos
581 291 635 334 electo
648 297 681 334 esi
694 290 740 349 offi-

30 371 63 410 cii
75 371 177 411 condiatis
192 383 247 427 ergo
261 384 294 410 me
307 368 447 427 praestandi.

334 566 391 592 vnis.
409 553 447 590 11.-

60 669 138 712 Diserte
150 685 226 712 rannus
244 669 422 726 Philippensibus
440 667 555 722 scripserat,
572 682 593 708 so
606 679 689 708 onnrsrr
699 672 740 706 stn-

32 744 65 786 dio
89 745 147 798 (luni,
165 760 213 788 eum
227 745 252 787 de
267 744 358 792 meliori,
380 759 421 800 qua
441 758 497 785 nuno
514 749 630 792 uterentur,
645 740 743 798 gauderet

31 820 118 863 fortuna.
148 821 188 862 Sed
202 820 294 862 homines
308 819 425 874 suspiciosos
440 833 482 860 esse
492 818 567 867 sciens,
581 816 674 872 pluribus
687 830 743 857 nunc

31 895 202 949 praeveniendam
222 894 317 937 censebat
336 893 464 949 opinionem,
487 908 508 935 se
522 907 559 934 suo
574 891 681 934 commodo
700 906 744 932 ser-

31 971 80 1013 vire.
110 971 217 1012 Rationem
239 970 303 1027 igitur·
319 984 401 1019 eorum,
422 969 458 1025 qui
472 968 494 1009 in
508 967 602 1023 populari
617 981 710 1008 sermone
723 981 744 1007 sc

30 1046 69 1101 ipsi
87 1046 202 1103 corrigunt,
225 1053 316 1095 secutus,
337 1045 373 1087 ait:
396 1043 442 1098 Οὐχ
460 1040 490 1086 ὅτι
505 1042 552 1085 καθ’
567 1040 672 1099 σ’σσέρησιν
686 1041 743 1098 λέγω.

30 1121 147 1162 Formidam
161 1119 211 1163 καθ’
224 1118 329 1176 ὑστέρησιν
341 1119 435 1175 plerique
445 1118 542 1159 vertendo
551 1117 640 1159 reddunt
648 1124 744 1175 propter·

26 1198 156 1253 perititiam,
177 1194 232 1251 quod
252 1210 378 1245 minimos,
402 1208 509 1243 evomitis,
534 1207 633 1235 sromrms
656 1193 743 1248 probare

31 1278 130 1313 conantur
145 1270 251 1313 afferendis
264 1270 324 1319 loeis,
337 1270 359 1311 in
373 1270 447 1326 quibus
456 1268 575 1310 Pronomini
587 1264 638 1309 κατά
650 1268 743 1309 Latinum

25 1352 120 1404 propter
142 1345 268 1402 respondeat.
299 1345 339 1386 Sed
352 1344 441 1386 loeihlo
458 1351 536 1386 tantum
553 1343 683 1399 comparandi
702 1357 743 1384 esse

30 1421 134 1471 videntur,
149 1421 172 1461 in
191 1420 265 1476 quibus
286 1427 348 1462 eistat
368 1420 429 1463 etiam
444 1419 538 1463 Verbum
556 1419 619 1474 λέγω,
637 1418 667 1467 uti
681 1418 743 1464 Rom.

29 1496 69 1537 lll:
91 1499 110 1538 5.
134 1497 144 1535 1
172 1494 221 1539 Cor.
240 1495 290 1539 VH:
307 1498 327 1538 6.
349 1497 362 1536 2
381 1494 431 1539 Cor.
445 1495 506 1538 Vnt:
523 1497 543 1537 8.
564 1494 610 1537 XI:
627 1487 664 1536 2'1.
691 1491 742 1536 Gal.

28 1572 69 1612 III:
85 1573 123 1621 15,
142 1584 230 1626 qnorum
245 1577 324 1626 partem
343 1569 436 1612 excitavit
455 1584 563 1611 nnsrnnns.
589 1569 628 1609 'His
644 1584 692 1611 vero
707 1569 743 1610 lu—

29 1647 94 1688 stratis
113 1645 260 1702 intelligimus,
283 1653 303 1686 et
329 1659 455 1696 (iammoni,v
468 1659 558 1702 quonum
579 1648 642 1694 nris,
661 1659 742 1694 nsrros,

29 1735 152 1771 soresmos,
168 1736 305 1763 nirrmrsros
320 1721 352 1762 rel
367 1722 450 1763 omnino
465 1722 605 1770 consentiunt,
617 1721 650 1761 rel
665 1727 744 1762 certon

30 1796 109 1853 vulgari
129 1797 295 1852 interpretatione
313 1796 429 1848 discedunt,
446 1804 501 1839 reete
514 1796 616 1852 scripsisse
628 1795 744 1842 sociandum

25 1874 156 1928 ponendam,
176 1880 196 1914 et
209 1871 249 1915 hoo
266 1872 409 1928 explicandum
431 1886 482 1914 esse:
503 1871 576 1915 Nolite
595 1871 655 1913 illud
673 1888 688 1913 o
710 1886 743 1912 mo

30 1948 111 1990 diction
122 1953 219 2007 pistore,
241 1953 265 1989 nt
279 1963 337 1989 more
352 1954 461 2006 receptum
477 1954 509 1990 est
520 1948 641 2005 penurioso⁷
659 1962 695 1988 seu
708 1947 744 1989 do-

30 2024 123 2064 minibus
139 2025 235 2081 penuria
253 2025 371 2081 oppressis.
402 2022 462 2075 Quod
482 2029 551 2064 autem
567 2022 659 2078 proxime
677 2023 745 2079 sequi-

32 2105 75 2139 tur:
91 2097 143 2153 Ἐγώ
155 2096 193 2155 pdp
207 2096 296 2151 ἔμαθον,
311 2098 333 2139 ἒν
346 2092 375 2146 οἷς
388 2098 440 2150 εἰμι,
454 2094 554 2153 discipline
567 2095 615 2139 εἶναι
622 2129 629 2149 ,
642 2096 698 2139 haud
709 2098 746 2139 du-

31 2172 66 2214 bie
79 2173 117 2214 sibi
131 2173 184 2214 vult:
200 2172 252 2231 Ego
269 2173 325 2214 enim
340 2187 387 2220 inea
401 2177 472 2225 sorte,
488 2187 626 2229 quaeeunque
643 2173 685 2214 illa
701 2175 747 2222 sit‚.

33 2252 142 2289 contentos
164 2263 210 2290 esse
226 2248 300 2290 didici.
330 2247 398 2291 Verba
412 2250 434 2291 ἓν
447 2244 476 2298 οἷς
491 2249 530 2302 εἰμι
544 2262 581 2289 our
595 2262 700 2289 normanis
714 2248 747 2289 in-

33 2329 153 2378 terpretatus
175 2324 201 2364 sit
221 2323 281 2382 npzcd
300 2338 434 2380 quoscunque
457 2337 514 2372 snm,
537 2329 561 2362 ut
580 2322 696 2363 Pronomen
717 2317 757 2371 οἷς

33 2398 167 2441 llaseulinum
185 2400 271 2451 faceret,
290 2398 369 2456 ignoro.
399 2399 495 2440 Neutrius
517 2397 597 2455 generis
610 2396 662 2438 illud
679 2397 745 2438 estin

33 2473 131 2516 similibus
157 2474 280 2530 scriptorum
301 2474 403 2516 rariorum
425 2473 493 2527 loeis,
525 2487 576 2528 quos
600 2480 747 2528 congesserunt

33 2564 174 2600 tvnrsrmros,
186 2564 306 2601 nanninus,
321 2564 418 2592 nmmos.
439 2550 537 2591 Krrrrns
545 2563 599 2599 vero,
609 2561 657 2590 oum
665 2547 754 2607 retineri

33 2634 91 2680 putot
106 2639 176 2668 vocem
192 2618 295 2677 πράγμασι
319 2626 373 2668 band
391 2640 447 2668 secus
462 2640 525 2682 quarn
538 2639 616 2675 rosiris,
636 2624 674 2681 qui
687 2625 747 2667 omis·
